timestamp;buyer;seller;symbol;currency;price;quantity
400;SUBMISSION;BOT;EMERALDS;XIRECS;10000.0;6
400;SUBMISSION;BOT_TAKER;EMERALDS;XIRECS;9993.0;6
700;BOT;SUBMISSION;EMERALDS;XIRECS;10000.0;8
1600;BOT_TAKER;SUBMISSION;TOMATOES;XIRECS;5004.0;3
6900;SUBMISSION;BOT_TAKER;EMERALDS;XIRECS;9993.0;6
11000;SUBMISSION;BOT;TOMATOES;XIRECS;4999.0;6
11000;BOT_TAKER;SUBMISSION;EMERALDS;XIRECS;10007.0;4
11400;SUBMISSION;BOT_TAKER;EMERALDS;XIRECS;9993.0;4
12900;BOT_TAKER;SUBMISSION;EMERALDS;XIRECS;10007.0;8
13800;BOT_TAKER;SUBMISSION;EMERALDS;XIRECS;10007.0;4
16100;BOT;SUBMISSION;EMERALDS;XIRECS;10000.0;9
16300;SUBMISSION;BOT_TAKER;TOMATOES;XIRECS;4990.0;2
16500;BOT;SUBMISSION;EMERALDS;XIRECS;10000.0;5
17200;BOT;SUBMISSION;EMERALDS;XIRECS;10000.0;7
19400;BOT_TAKER;SUBMISSION;TOMATOES;XIRECS;5004.0;4
19500;BOT_TAKER;SUBMISSION;TOMATOES;XIRECS;5004.0;2
21600;BOT_TAKER;SUBMISSION;TOMATOES;XIRECS;5004.0;3
22000;SUBMISSION;BOT_TAKER;TOMATOES;XIRECS;4994.0;3
22200;BOT_TAKER;SUBMISSION;TOMATOES;XIRECS;5005.0;2
22400;BOT;SUBMISSION;EMERALDS;XIRECS;10000.0;9
22400;BOT_TAKER;SUBMISSION;TOMATOES;XIRECS;5007.0;4
23000;SUBMISSION;BOT;TOMATOES;XIRECS;5003.0;2
25400;BOT;SUBMISSION;EMERALDS;XIRECS;10000.0;5
25400;SUBMISSION;BOT;TOMATOES;XIRECS;5000.0;8
28800;BOT_TAKER;SUBMISSION;TOMATOES;XIRECS;5006.0;3
29900;SUBMISSION;BOT_TAKER;TOMATOES;XIRECS;4997.0;4
30300;SUBMISSION;BOT;EMERALDS;XIRECS;10000.0;7
32800;BOT_TAKER;SUBMISSION;TOMATOES;XIRECS;5009.0;2
33100;BOT_TAKER;SUBMISSION;EMERALDS;XIRECS;10007.0;7
34400;SUBMISSION;BOT_TAKER;TOMATOES;XIRECS;4995.0;3
34500;BOT_TAKER;SUBMISSION;TOMATOES;XIRECS;5005.0;2
36300;SUBMISSION;BOT;EMERALDS;XIRECS;10000.0;9
36300;SUBMISSION;BOT_TAKER;TOMATOES;XIRECS;4992.0;2
36400;SUBMISSION;BOT_TAKER;EMERALDS;XIRECS;9993.0;4
37800;BOT_TAKER;SUBMISSION;TOMATOES;XIRECS;5003.0;5
38200;BOT_TAKER;SUBMISSION;TOMATOES;XIRECS;5003.0;5
38900;SUBMISSION;BOT;TOMATOES;XIRECS;4995.0;5
41200;BOT;SUBMISSION;EMERALDS;XIRECS;10000.0;7
42200;BOT_MAKER;BOT_TAKER;TOMATOES;XIRECS;4992.0;5
43100;SUBMISSION;BOT;EMERALDS;XIRECS;10000.0;10
43700;BOT_TAKER;SUBMISSION;TOMATOES;XIRECS;5007.0;4
44400;SUBMISSION;BOT;EMERALDS;XIRECS;10000.0;7
44700;SUBMISSION;BOT_TAKER;TOMATOES;XIRECS;4998.0;3
45100;BOT_TAKER;SUBMISSION;TOMATOES;XIRECS;5009.0;4
45900;SUBMISSION;BOT_TAKER;TOMATOES;XIRECS;4999.0;5
46300;SUBMISSION;BOT_TAKER;TOMATOES;XIRECS;4999.0;3
48700;BOT;SUBMISSION;EMERALDS;XIRECS;10000.0;7
52500;BOT_TAKER;SUBMISSION;EMERALDS;XIRECS;10007.0;5
53000;SUBMISSION;BOT_TAKER;TOMATOES;XIRECS;4999.0;5
53100;BOT_TAKER;SUBMISSION;EMERALDS;XIRECS;10007.0;8
55200;BOT_MAKER;BOT_TAKER;TOMATOES;XIRECS;4995.0;3
55300;SUBMISSION;BOT;EMERALDS;XIRECS;10000.0;10
56100;BOT_TAKER;SUBMISSION;EMERALDS;XIRECS;10007.0;6
57000;BOT_TAKER;SUBMISSION;TOMATOES;XIRECS;5009.0;4
57200;SUBMISSION;BOT;EMERALDS;XIRECS;10000.0;10
57700;SUBMISSION;BOT_TAKER;EMERALDS;XIRECS;9993.0;4
57900;BOT;SUBMISSION;TOMATOES;XIRECS;5003.0;3
59900;SUBMISSION;BOT_TAKER;EMERALDS;XIRECS;9993.0;5
61100;SUBMISSION;BOT_TAKER;EMERALDS;XIRECS;9993.0;7
63900;SUBMISSION;BOT_TAKER;TOMATOES;XIRECS;5002.0;3
64700;BOT_TAKER;SUBMISSION;EMERALDS;XIRECS;10007.0;7
64700;SUBMISSION;BOT_TAKER;TOMATOES;XIRECS;5000.0;2
65700;BOT;SUBMISSION;EMERALDS;XIRECS;10000.0;10
67800;BOT;SUBMISSION;TOMATOES;XIRECS;5003.0;2
68800;BOT;SUBMISSION;EMERALDS;XIRECS;10000.0;9
69000;BOT_TAKER;SUBMISSION;EMERALDS;XIRECS;10007.0;6
69100;SUBMISSION;BOT;EMERALDS;XIRECS;10000.0;7
70200;BOT_TAKER;SUBMISSION;TOMATOES;XIRECS;5013.0;4
71400;SUBMISSION;BOT_TAKER;TOMATOES;XIRECS;5002.0;4
71600;BOT;SUBMISSION;EMERALDS;XIRECS;10000.0;10
73400;BOT_MAKER;BOT_TAKER;TOMATOES;XIRECS;5002.0;5
74600;BOT_TAKER;SUBMISSION;EMERALDS;XIRECS;10007.0;5
76800;SUBMISSION;BOT_TAKER;EMERALDS;XIRECS;9993.0;5
77500;BOT;SUBMISSION;EMERALDS;XIRECS;10000.0;7
80000;SUBMISSION;BOT;EMERALDS;XIRECS;10000.0;7
82500;BOT;SUBMISSION;TOMATOES;XIRECS;5010.0;8
83400;BOT_TAKER;SUBMISSION;EMERALDS;XIRECS;10007.0;3
86400;SUBMISSION;BOT;EMERALDS;XIRECS;10000.0;5
87500;SUBMISSION;BOT_TAKER;TOMATOES;XIRECS;5001.0;5
89600;BOT_TAKER;SUBMISSION;TOMATOES;XIRECS;5008.0;2
90200;BOT_TAKER;SUBMISSION;EMERALDS;XIRECS;10007.0;5
90800;SUBMISSION;BOT;EMERALDS;XIRECS;10000.0;5
91000;SUBMISSION;BOT_TAKER;TOMATOES;XIRECS;5000.0;4
94300;BOT_TAKER;SUBMISSION;EMERALDS;XIRECS;10007.0;3
94500;BOT;SUBMISSION;EMERALDS;XIRECS;10000.0;5
95000;BOT_TAKER;SUBMISSION;EMERALDS;XIRECS;10007.0;4
95800;BOT;SUBMISSION;EMERALDS;XIRECS;10000.0;10
96700;SUBMISSION;BOT_TAKER;EMERALDS;XIRECS;9993.0;5
96800;BOT;SUBMISSION;TOMATOES;XIRECS;5002.0;12
97100;SUBMISSION;BOT;TOMATOES;XIRECS;5001.0;6
97200;BOT_TAKER;SUBMISSION;TOMATOES;XIRECS;5006.0;2
97400;BOT_TAKER;BOT_MAKER;TOMATOES;XIRECS;5007.0;2
97900;SUBMISSION;BOT;EMERALDS;XIRECS;10000.0;7
98500;SUBMISSION;BOT;TOMATOES;XIRECS;5000.0;5
99200;SUBMISSION;BOT_TAKER;TOMATOES;XIRECS;4997.0;3
99300;SUBMISSION;BOT;EMERALDS;XIRECS;10000.0;6
99400;BOT;SUBMISSION;TOMATOES;XIRECS;5003.0;5
100500;BOT_TAKER;SUBMISSION;TOMATOES;XIRECS;5013.0;5
100700;SUBMISSION;BOT;EMERALDS;XIRECS;10000.0;6
100900;SUBMISSION;BOT_TAKER;TOMATOES;XIRECS;5003.0;5
101000;BOT_TAKER;SUBMISSION;TOMATOES;XIRECS;5015.0;2
101900;SUBMISSION;BOT_TAKER;TOMATOES;XIRECS;5005.0;4
102200;BOT_TAKER;SUBMISSION;TOMATOES;XIRECS;5015.0;3
102500;SUBMISSION;BOT_TAKER;TOMATOES;XIRECS;5003.0;2
103100;SUBMISSION;BOT_TAKER;TOMATOES;XIRECS;5003.0;2
104900;SUBMISSION;BOT_TAKER;TOMATOES;XIRECS;5002.0;2
106000;BOT_MAKER;BOT_TAKER;TOMATOES;XIRECS;5001.0;3
106700;SUBMISSION;BOT;EMERALDS;XIRECS;10000.0;5
106800;BOT;SUBMISSION;TOMATOES;XIRECS;5009.0;4
107200;BOT;SUBMISSION;EMERALDS;XIRECS;10000.0;6
107500;SUBMISSION;BOT_TAKER;TOMATOES;XIRECS;5004.0;2
108200;BOT_TAKER;SUBMISSION;TOMATOES;XIRECS;5015.0;5
108800;BOT_TAKER;SUBMISSION;TOMATOES;XIRECS;5015.0;2
109500;SUBMISSION;BOT_TAKER;TOMATOES;XIRECS;5004.0;3
110900;SUBMISSION;BOT_TAKER;EMERALDS;XIRECS;9993.0;8
111500;SUBMISSION;BOT_TAKER;TOMATOES;XIRECS;5001.0;3
111600;BOT;SUBMISSION;EMERALDS;XIRECS;10000.0;10
112800;SUBMISSION;BOT;TOMATOES;XIRECS;4999.0;6
114200;BOT_TAKER;BOT_MAKER;TOMATOES;XIRECS;5003.0;2
114200;BOT_TAKER;SUBMISSION;TOMATOES;XIRECS;5004.0;2
116300;SUBMISSION;BOT_TAKER;TOMATOES;XIRECS;4993.0;5
116500;BOT;SUBMISSION;TOMATOES;XIRECS;5000.0;12
117600;BOT_TAKER;SUBMISSION;TOMATOES;XIRECS;5005.0;4
118700;SUBMISSION;BOT;TOMATOES;XIRECS;5000.0;4
118800;SUBMISSION;BOT_TAKER;TOMATOES;XIRECS;4994.0;3
119600;BOT_TAKER;SUBMISSION;EMERALDS;XIRECS;10007.0;6
121200;SUBMISSION;BOT_TAKER;TOMATOES;XIRECS;4991.0;2
122600;SUBMISSION;BOT_TAKER;TOMATOES;XIRECS;4990.0;3
122900;BOT;SUBMISSION;TOMATOES;XIRECS;4995.0;4
123200;BOT;SUBMISSION;EMERALDS;XIRECS;10000.0;10
124300;BOT;SUBMISSION;EMERALDS;XIRECS;10000.0;8
127900;BOT;SUBMISSION;EMERALDS;XIRECS;10000.0;7
129000;BOT;SUBMISSION;EMERALDS;XIRECS;10000.0;7
129600;BOT_TAKER;SUBMISSION;EMERALDS;XIRECS;10007.0;3
129900;BOT_TAKER;SUBMISSION;TOMATOES;XIRECS;5001.0;5
130100;SUBMISSION;BOT_TAKER;TOMATOES;XIRECS;4990.0;5
131100;BOT_TAKER;SUBMISSION;EMERALDS;XIRECS;10007.0;1
131100;BOT_TAKER;BOT_MAKER;EMERALDS;XIRECS;10008.0;5
134000;SUBMISSION;BOT_TAKER;TOMATOES;XIRECS;4987.0;3
134500;BOT_TAKER;SUBMISSION;TOMATOES;XIRECS;4998.0;3
134600;SUBMISSION;BOT_TAKER;EMERALDS;XIRECS;10000.0;6
134800;BOT_TAKER;SUBMISSION;TOMATOES;XIRECS;4998.0;2
135600;BOT;SUBMISSION;EMERALDS;XIRECS;10000.0;6
138100;SUBMISSION;BOT_TAKER;TOMATOES;XIRECS;4991.0;3
138900;SUBMISSION;BOT;EMERALDS;XIRECS;10000.0;9
139800;BOT;SUBMISSION;EMERALDS;XIRECS;10000.0;7
140800;BOT_TAKER;SUBMISSION;TOMATOES;XIRECS;5000.0;4
142100;SUBMISSION;BOT_TAKER;TOMATOES;XIRECS;4990.0;3
142900;BOT_TAKER;SUBMISSION;TOMATOES;XIRECS;5001.0;5
143300;SUBMISSION;BOT_TAKER;TOMATOES;XIRECS;4990.0;3
143400;SUBMISSION;BOT;EMERALDS;XIRECS;10000.0;9
143900;SUBMISSION;BOT_TAKER;TOMATOES;XIRECS;4989.0;2
146300;SUBMISSION;BOT;EMERALDS;XIRECS;10000.0;8
146700;BOT_TAKER;SUBMISSION;TOMATOES;XIRECS;4999.0;4
147300;SUBMISSION;BOT_TAKER;TOMATOES;XIRECS;4989.0;2
148000;BOT_TAKER;SUBMISSION;TOMATOES;XIRECS;4999.0;2
150200;SUBMISSION;BOT_TAKER;TOMATOES;XIRECS;4991.0;3
150800;SUBMISSION;BOT_TAKER;EMERALDS;XIRECS;9993.0;6
151900;SUBMISSION;BOT_TAKER;TOMATOES;XIRECS;4987.0;3
154900;BOT_TAKER;SUBMISSION;TOMATOES;XIRECS;5001.0;2
155900;SUBMISSION;BOT_TAKER;EMERALDS;XIRECS;9993.0;4
156500;SUBMISSION;BOT_TAKER;EMERALDS;XIRECS;9993.0;4
157400;BOT;SUBMISSION;EMERALDS;XIRECS;10000.0;9
157900;SUBMISSION;BOT;EMERALDS;XIRECS;10000.0;6
158600;BOT_TAKER;SUBMISSION;EMERALDS;XIRECS;10007.0;8
159100;BOT_TAKER;SUBMISSION;TOMATOES;XIRECS;4997.0;3
160400;SUBMISSION;BOT;EMERALDS;XIRECS;10000.0;5
160700;SUBMISSION;BOT_TAKER;EMERALDS;XIRECS;9993.0;6
162400;SUBMISSION;BOT_TAKER;EMERALDS;XIRECS;9993.0;6
163500;BOT_TAKER;SUBMISSION;EMERALDS;XIRECS;10007.0;4
165500;BOT_TAKER;SUBMISSION;EMERALDS;XIRECS;10007.0;5
165700;SUBMISSION;BOT_TAKER;TOMATOES;XIRECS;4985.0;3
167400;SUBMISSION;BOT_TAKER;TOMATOES;XIRECS;4983.0;2
167700;BOT_TAKER;SUBMISSION;EMERALDS;XIRECS;10007.0;3
168700;SUBMISSION;BOT_TAKER;TOMATOES;XIRECS;4982.0;2
170000;BOT;SUBMISSION;EMERALDS;XIRECS;10000.0;9
170300;SUBMISSION;BOT_TAKER;TOMATOES;XIRECS;4981.0;3
171000;BOT;SUBMISSION;TOMATOES;XIRECS;4983.0;2
174800;BOT;SUBMISSION;TOMATOES;XIRECS;4983.0;3
174800;BOT_MAKER;BOT_TAKER;TOMATOES;XIRECS;4977.0;5
175700;BOT_TAKER;SUBMISSION;TOMATOES;XIRECS;4992.0;3
177100;BOT_TAKER;SUBMISSION;TOMATOES;XIRECS;4991.0;3
177800;BOT_TAKER;SUBMISSION;EMERALDS;XIRECS;10007.0;7
179700;SUBMISSION;BOT;TOMATOES;XIRECS;4987.0;3
182800;BOT_TAKER;SUBMISSION;EMERALDS;XIRECS;10007.0;4
183000;SUBMISSION;BOT_TAKER;TOMATOES;XIRECS;4979.0;2
185900;BOT_TAKER;SUBMISSION;TOMATOES;XIRECS;4992.0;2
186800;SUBMISSION;BOT;EMERALDS;XIRECS;10000.0;7
187400;SUBMISSION;BOT;EMERALDS;XIRECS;10000.0;8
188600;SUBMISSION;BOT;EMERALDS;XIRECS;10000.0;7
189800;BOT_TAKER;SUBMISSION;TOMATOES;XIRECS;4991.0;2
190000;SUBMISSION;BOT_TAKER;TOMATOES;XIRECS;4979.0;5
190300;SUBMISSION;BOT_TAKER;TOMATOES;XIRECS;4979.0;2
190400;BOT_TAKER;SUBMISSION;TOMATOES;XIRECS;4990.0;5
190800;BOT_TAKER;SUBMISSION;TOMATOES;XIRECS;4992.0;3
191000;SUBMISSION;BOT;TOMATOES;XIRECS;4985.0;7
191300;BOT;SUBMISSION;TOMATOES;XIRECS;4987.0;2
192800;SUBMISSION;BOT_TAKER;EMERALDS;XIRECS;9993.0;6
194700;SUBMISSION;BOT_TAKER;EMERALDS;XIRECS;9993.0;7
197000;SUBMISSION;BOT_TAKER;EMERALDS;XIRECS;9993.0;5
197500;BOT_TAKER;SUBMISSION;EMERALDS;XIRECS;10007.0;7
197900;BOT_MAKER;BOT_TAKER;TOMATOES;XIRECS;4986.0;5
198300;BOT_MAKER;BOT_TAKER;TOMATOES;XIRECS;4986.0;2
199200;SUBMISSION;BOT_TAKER;EMERALDS;XIRECS;9993.0;3
199500;SUBMISSION;BOT_TAKER;EMERALDS;XIRECS;9993.0;6
200600;SUBMISSION;BOT_TAKER;EMERALDS;XIRECS;9993.0;3
202300;BOT_TAKER;SUBMISSION;EMERALDS;XIRECS;10007.0;7
203200;BOT_TAKER;SUBMISSION;TOMATOES;XIRECS;4999.0;2
203600;BOT_TAKER;SUBMISSION;TOMATOES;XIRECS;4998.0;2
203700;SUBMISSION;BOT_TAKER;TOMATOES;XIRECS;4987.0;2
204400;SUBMISSION;BOT_TAKER;TOMATOES;XIRECS;4986.0;2
204900;BOT_TAKER;SUBMISSION;EMERALDS;XIRECS;10007.0;5
205100;BOT_MAKER;BOT_TAKER;TOMATOES;XIRECS;4988.0;5
208600;SUBMISSION;BOT;EMERALDS;XIRECS;10000.0;5
209300;BOT;SUBMISSION;EMERALDS;XIRECS;10000.0;7
211200;SUBMISSION;BOT_TAKER;TOMATOES;XIRECS;4986.0;5
212500;BOT;SUBMISSION;TOMATOES;XIRECS;4995.0;9
212900;SUBMISSION;BOT;EMERALDS;XIRECS;10000.0;7
213100;SUBMISSION;BOT_TAKER;EMERALDS;XIRECS;9993.0;8
213100;SUBMISSION;BOT_TAKER;TOMATOES;XIRECS;4988.0;3
213600;SUBMISSION;BOT_TAKER;TOMATOES;XIRECS;4989.0;3
215400;BOT;SUBMISSION;EMERALDS;XIRECS;10000.0;7
216400;BOT;SUBMISSION;EMERALDS;XIRECS;10000.0;5
219000;BOT_MAKER;BOT_TAKER;TOMATOES;XIRECS;4989.0;5
220800;BOT_TAKER;SUBMISSION;EMERALDS;XIRECS;10007.0;8
223900;BOT_TAKER;SUBMISSION;TOMATOES;XIRECS;5004.0;4
224100;BOT;SUBMISSION;TOMATOES;XIRECS;5000.0;7
224300;SUBMISSION;BOT;TOMATOES;XIRECS;4999.0;3
225300;SUBMISSION;BOT_TAKER;EMERALDS;XIRECS;9993.0;7
226400;SUBMISSION;BOT_TAKER;EMERALDS;XIRECS;9993.0;6
226700;SUBMISSION;BOT_TAKER;TOMATOES;XIRECS;4991.0;5
226800;BOT_TAKER;SUBMISSION;TOMATOES;XIRECS;5003.0;5
227300;SUBMISSION;BOT;EMERALDS;XIRECS;10000.0;8
227400;SUBMISSION;BOT;TOMATOES;XIRECS;4994.0;12
229300;BOT;SUBMISSION;EMERALDS;XIRECS;10000.0;9
229500;BOT_TAKER;SUBMISSION;TOMATOES;XIRECS;4996.0;5
230200;BOT_MAKER;BOT_TAKER;TOMATOES;XIRECS;4991.0;5
233600;SUBMISSION;BOT_TAKER;EMERALDS;XIRECS;9993.0;7
234500;BOT;SUBMISSION;EMERALDS;XIRECS;10000.0;6
235500;SUBMISSION;BOT_TAKER;TOMATOES;XIRECS;4993.0;3
237600;BOT;SUBMISSION;EMERALDS;XIRECS;10000.0;10
239500;SUBMISSION;BOT_TAKER;EMERALDS;XIRECS;9993.0;6
242600;BOT_TAKER;SUBMISSION;TOMATOES;XIRECS;5008.0;4
243000;SUBMISSION;BOT_TAKER;TOMATOES;XIRECS;4995.0;5
243100;SUBMISSION;BOT;EMERALDS;XIRECS;10000.0;8
243600;BOT;SUBMISSION;EMERALDS;XIRECS;10000.0;6
244400;BOT;SUBMISSION;TOMATOES;XIRECS;4998.0;4
244700;SUBMISSION;BOT_TAKER;TOMATOES;XIRECS;4992.0;2
245700;SUBMISSION;BOT_TAKER;EMERALDS;XIRECS;9993.0;5
246800;BOT_TAKER;SUBMISSION;TOMATOES;XIRECS;5002.0;4
248300;SUBMISSION;BOT_TAKER;EMERALDS;XIRECS;9993.0;6
249400;BOT_TAKER;SUBMISSION;EMERALDS;XIRECS;10007.0;6
253900;SUBMISSION;BOT_TAKER;TOMATOES;XIRECS;4996.0;3
254200;BOT_TAKER;SUBMISSION;EMERALDS;XIRECS;10007.0;5
255700;SUBMISSION;BOT;EMERALDS;XIRECS;10000.0;5
258100;SUBMISSION;BOT;EMERALDS;XIRECS;10000.0;7
258200;BOT_TAKER;SUBMISSION;TOMATOES;XIRECS;5009.0;2
261300;BOT_TAKER;SUBMISSION;EMERALDS;XIRECS;10007.0;4
261700;SUBMISSION;BOT;EMERALDS;XIRECS;10000.0;6
262100;SUBMISSION;BOT;EMERALDS;XIRECS;10000.0;5
262900;BOT_TAKER;SUBMISSION;TOMATOES;XIRECS;5010.0;3
263100;BOT_TAKER;SUBMISSION;EMERALDS;XIRECS;10007.0;6
263900;BOT;SUBMISSION;EMERALDS;XIRECS;10000.0;10
263900;BOT_TAKER;SUBMISSION;TOMATOES;XIRECS;5009.0;3
266000;BOT_TAKER;SUBMISSION;EMERALDS;XIRECS;10007.0;6
267700;SUBMISSION;BOT_TAKER;TOMATOES;XIRECS;5002.0;4
269000;SUBMISSION;BOT;EMERALDS;XIRECS;10000.0;10
270100;BOT_TAKER;SUBMISSION;TOMATOES;XIRECS;5010.0;2
270700;BOT_TAKER;SUBMISSION;TOMATOES;XIRECS;5012.0;5
271300;BOT_TAKER;BOT_MAKER;TOMATOES;XIRECS;5013.0;5
271600;BOT_TAKER;BOT_MAKER;TOMATOES;XIRECS;5013.0;5
271800;BOT_TAKER;SUBMISSION;TOMATOES;XIRECS;5013.0;4
272600;BOT;SUBMISSION;EMERALDS;XIRECS;10000.0;10
273100;BOT_TAKER;BOT_MAKER;TOMATOES;XIRECS;5014.0;5
273700;SUBMISSION;BOT;TOMATOES;XIRECS;5007.0;5
276800;SUBMISSION;BOT;TOMATOES;XIRECS;5001.0;11
278500;BOT_MAKER;BOT_TAKER;TOMATOES;XIRECS;5000.0;2
278800;BOT_MAKER;BOT_TAKER;TOMATOES;XIRECS;5001.0;5
279700;BOT;SUBMISSION;EMERALDS;XIRECS;10000.0;7
280200;BOT_TAKER;SUBMISSION;TOMATOES;XIRECS;5015.0;2
280900;BOT;SUBMISSION;TOMATOES;XIRECS;5009.0;5
282700;SUBMISSION;BOT;EMERALDS;XIRECS;10000.0;7
288200;SUBMISSION;BOT;EMERALDS;XIRECS;10000.0;5
289300;SUBMISSION;BOT;EMERALDS;XIRECS;10000.0;6
289500;BOT;SUBMISSION;EMERALDS;XIRECS;10000.0;5
292800;SUBMISSION;BOT;TOMATOES;XIRECS;5008.0;7
293100;BOT;SUBMISSION;TOMATOES;XIRECS;5008.0;3
293900;SUBMISSION;BOT_TAKER;TOMATOES;XIRECS;5004.0;3
295000;BOT_TAKER;SUBMISSION;EMERALDS;XIRECS;10007.0;4
296900;SUBMISSION;BOT_TAKER;EMERALDS;XIRECS;9993.0;5
299100;BOT_MAKER;BOT_TAKER;TOMATOES;XIRECS;5007.0;5
299300;SUBMISSION;BOT;EMERALDS;XIRECS;10000.0;9
300800;BOT;SUBMISSION;TOMATOES;XIRECS;5016.0;3
301600;BOT;SUBMISSION;TOMATOES;XIRECS;5018.0;5
302800;BOT_TAKER;SUBMISSION;TOMATOES;XIRECS;5024.0;3
303500;SUBMISSION;BOT;TOMATOES;XIRECS;5018.0;2
303700;BOT_TAKER;SUBMISSION;EMERALDS;XIRECS;10007.0;4
303700;BOT_TAKER;BOT_MAKER;TOMATOES;XIRECS;5024.0;2
303800;BOT;SUBMISSION;EMERALDS;XIRECS;10000.0;9
305400;SUBMISSION;BOT_TAKER;TOMATOES;XIRECS;5013.0;3
307200;SUBMISSION;BOT;EMERALDS;XIRECS;10000.0;9
307400;SUBMISSION;BOT_TAKER;TOMATOES;XIRECS;5011.0;2
307800;BOT_TAKER;SUBMISSION;TOMATOES;XIRECS;5020.0;5
308600;SUBMISSION;BOT;TOMATOES;XIRECS;5015.0;2
311200;BOT;SUBMISSION;EMERALDS;XIRECS;10000.0;5
313800;BOT_TAKER;SUBMISSION;EMERALDS;XIRECS;10007.0;6
314600;SUBMISSION;BOT_TAKER;TOMATOES;XIRECS;5003.0;3
315800;BOT;SUBMISSION;EMERALDS;XIRECS;10000.0;5
316100;SUBMISSION;BOT_TAKER;TOMATOES;XIRECS;5002.0;4
316400;BOT;SUBMISSION;EMERALDS;XIRECS;10000.0;9
317800;BOT_TAKER;SUBMISSION;EMERALDS;XIRECS;10007.0;4
320100;BOT;SUBMISSION;EMERALDS;XIRECS;10000.0;8
320300;BOT_TAKER;SUBMISSION;TOMATOES;XIRECS;5014.0;4
321400;SUBMISSION;BOT_TAKER;TOMATOES;XIRECS;5004.0;2
322300;SUBMISSION;BOT;EMERALDS;XIRECS;10000.0;5
323600;BOT_TAKER;SUBMISSION;TOMATOES;XIRECS;5013.0;4
324200;SUBMISSION;BOT_TAKER;TOMATOES;XIRECS;5001.0;3
325400;SUBMISSION;BOT_TAKER;TOMATOES;XIRECS;5001.0;5
325600;SUBMISSION;BOT_TAKER;EMERALDS;XIRECS;9993.0;6
326100;BOT;SUBMISSION;EMERALDS;XIRECS;10000.0;7
327400;BOT;SUBMISSION;TOMATOES;XIRECS;5008.0;7
328600;BOT;SUBMISSION;EMERALDS;XIRECS;10000.0;5
332400;BOT_TAKER;SUBMISSION;TOMATOES;XIRECS;5015.0;3
333700;SUBMISSION;BOT_TAKER;EMERALDS;XIRECS;9993.0;5
334600;SUBMISSION;BOT_TAKER;TOMATOES;XIRECS;5007.0;5
335600;SUBMISSION;BOT;EMERALDS;XIRECS;10000.0;10
340100;SUBMISSION;BOT_TAKER;EMERALDS;XIRECS;9993.0;3
341100;SUBMISSION;BOT;EMERALDS;XIRECS;10000.0;8
341600;BOT_TAKER;SUBMISSION;EMERALDS;XIRECS;10007.0;5
341700;BOT_TAKER;SUBMISSION;TOMATOES;XIRECS;5013.0;3
343700;BOT_TAKER;SUBMISSION;TOMATOES;XIRECS;5010.0;4
344600;BOT_TAKER;BOT_MAKER;TOMATOES;XIRECS;5010.0;4
345900;SUBMISSION;BOT_TAKER;EMERALDS;XIRECS;9993.0;5
345900;SUBMISSION;BOT_TAKER;TOMATOES;XIRECS;4998.0;3
346100;SUBMISSION;BOT_TAKER;TOMATOES;XIRECS;4999.0;5
347200;BOT_TAKER;SUBMISSION;TOMATOES;XIRECS;5009.0;4
347300;BOT_TAKER;SUBMISSION;EMERALDS;XIRECS;10007.0;5
347500;BOT_TAKER;SUBMISSION;TOMATOES;XIRECS;5010.0;5
348700;SUBMISSION;BOT_TAKER;TOMATOES;XIRECS;5001.0;2
350500;SUBMISSION;BOT;TOMATOES;XIRECS;5009.0;6
354200;BOT;SUBMISSION;EMERALDS;XIRECS;10000.0;5
354700;SUBMISSION;BOT_TAKER;TOMATOES;XIRECS;5004.0;3
355200;BOT;SUBMISSION;TOMATOES;XIRECS;5011.0;9
356000;SUBMISSION;BOT;EMERALDS;XIRECS;10000.0;7
358100;SUBMISSION;BOT;TOMATOES;XIRECS;5011.0;8
360000;SUBMISSION;BOT_TAKER;TOMATOES;XIRECS;5003.0;3
360800;BOT_TAKER;SUBMISSION;EMERALDS;XIRECS;10007.0;3
363700;BOT_MAKER;BOT_TAKER;TOMATOES;XIRECS;5005.0;3
363800;BOT_TAKER;SUBMISSION;TOMATOES;XIRECS;5017.0;3
364400;BOT_TAKER;BOT_MAKER;TOMATOES;XIRECS;5010.0;2
365700;SUBMISSION;BOT_TAKER;EMERALDS;XIRECS;9993.0;3
366400;BOT;SUBMISSION;EMERALDS;XIRECS;10000.0;8
367300;BOT_TAKER;SUBMISSION;TOMATOES;XIRECS;5018.0;2
368600;SUBMISSION;BOT_TAKER;TOMATOES;XIRECS;5005.0;3
369500;SUBMISSION;BOT_TAKER;EMERALDS;XIRECS;9993.0;4
371400;BOT;SUBMISSION;TOMATOES;XIRECS;5010.0;7
372000;BOT_TAKER;SUBMISSION;TOMATOES;XIRECS;5019.0;4
372200;BOT;SUBMISSION;EMERALDS;XIRECS;10000.0;9
374000;SUBMISSION;BOT;TOMATOES;XIRECS;5010.0;11
374700;BOT_MAKER;BOT_TAKER;TOMATOES;XIRECS;5006.0;4
375800;SUBMISSION;BOT_TAKER;EMERALDS;XIRECS;9993.0;4
376000;BOT;SUBMISSION;EMERALDS;XIRECS;10000.0;10
376300;BOT;SUBMISSION;TOMATOES;XIRECS;5011.0;6
376400;BOT;SUBMISSION;EMERALDS;XIRECS;10000.0;6
376700;SUBMISSION;BOT_TAKER;TOMATOES;XIRECS;5002.0;3
377600;SUBMISSION;BOT_TAKER;EMERALDS;XIRECS;9993.0;8
378400;SUBMISSION;BOT_TAKER;EMERALDS;XIRECS;9993.0;6
379200;SUBMISSION;BOT_TAKER;TOMATOES;XIRECS;5000.0;3
379500;BOT_TAKER;SUBMISSION;TOMATOES;XIRECS;5012.0;5
380300;SUBMISSION;BOT;TOMATOES;XIRECS;5003.0;8
381000;BOT;SUBMISSION;EMERALDS;XIRECS;10000.0;10
381900;BOT_TAKER;SUBMISSION;TOMATOES;XIRECS;5014.0;3
382100;BOT_TAKER;SUBMISSION;TOMATOES;XIRECS;5014.0;5
383000;BOT;SUBMISSION;EMERALDS;XIRECS;10000.0;6
383600;BOT_TAKER;SUBMISSION;TOMATOES;XIRECS;5015.0;5
384100;SUBMISSION;BOT;EMERALDS;XIRECS;10000.0;7
384400;BOT_MAKER;BOT_TAKER;TOMATOES;XIRECS;5010.0;2
387000;SUBMISSION;BOT_TAKER;EMERALDS;XIRECS;9993.0;4
388400;SUBMISSION;BOT;TOMATOES;XIRECS;5012.0;11
389600;BOT;SUBMISSION;TOMATOES;XIRECS;5015.0;6
391300;SUBMISSION;BOT_TAKER;EMERALDS;XIRECS;9993.0;5
391400;BOT_TAKER;SUBMISSION;TOMATOES;XIRECS;5018.0;4
392500;SUBMISSION;BOT_TAKER;TOMATOES;XIRECS;5003.0;4
392700;SUBMISSION;BOT;EMERALDS;XIRECS;10000.0;7
393100;SUBMISSION;BOT;EMERALDS;XIRECS;10000.0;9
393100;SUBMISSION;BOT_TAKER;TOMATOES;XIRECS;5001.0;3
393400;BOT_TAKER;SUBMISSION;EMERALDS;XIRECS;10007.0;8
394500;SUBMISSION;BOT;EMERALDS;XIRECS;10000.0;7
394500;SUBMISSION;BOT_TAKER;EMERALDS;XIRECS;9993.0;7
394800;BOT_TAKER;SUBMISSION;TOMATOES;XIRECS;5016.0;5
395600;SUBMISSION;BOT_TAKER;TOMATOES;XIRECS;5004.0;2
397300;BOT_TAKER;SUBMISSION;EMERALDS;XIRECS;10007.0;8
400200;BOT_TAKER;SUBMISSION;TOMATOES;XIRECS;5014.0;2
401300;SUBMISSION;BOT;EMERALDS;XIRECS;10000.0;6
402300;SUBMISSION;BOT;TOMATOES;XIRECS;5004.0;3
402800;SUBMISSION;BOT_TAKER;EMERALDS;XIRECS;9993.0;6
403300;BOT;SUBMISSION;EMERALDS;XIRECS;10000.0;10
404100;BOT;SUBMISSION;EMERALDS;XIRECS;10000.0;8
404300;SUBMISSION;BOT_TAKER;TOMATOES;XIRECS;4995.0;2
404600;BOT;SUBMISSION;EMERALDS;XIRECS;10000.0;5
405000;SUBMISSION;BOT_TAKER;TOMATOES;XIRECS;4995.0;2
406100;BOT;SUBMISSION;EMERALDS;XIRECS;10000.0;8
408000;BOT_TAKER;SUBMISSION;TOMATOES;XIRECS;5006.0;3
408600;SUBMISSION;BOT_TAKER;EMERALDS;XIRECS;9993.0;6
409400;BOT;SUBMISSION;EMERALDS;XIRECS;10000.0;7
409600;BOT;SUBMISSION;TOMATOES;XIRECS;5003.0;8
409600;BOT_TAKER;SUBMISSION;TOMATOES;XIRECS;5007.0;5
410400;BOT_TAKER;BOT_MAKER;TOMATOES;XIRECS;5009.0;5
411100;BOT_TAKER;SUBMISSION;EMERALDS;XIRECS;10007.0;6
411500;BOT_TAKER;SUBMISSION;EMERALDS;XIRECS;10007.0;6
411900;SUBMISSION;BOT_TAKER;TOMATOES;XIRECS;4998.0;4
418200;SUBMISSION;BOT;TOMATOES;XIRECS;5008.0;2
419800;BOT;SUBMISSION;EMERALDS;XIRECS;10000.0;9
420300;SUBMISSION;BOT;EMERALDS;XIRECS;10000.0;5
421400;BOT_TAKER;SUBMISSION;EMERALDS;XIRECS;10007.0;5
421400;BOT_TAKER;BOT_MAKER;EMERALDS;XIRECS;10008.0;1
421700;SUBMISSION;BOT;EMERALDS;XIRECS;10000.0;10
423200;SUBMISSION;BOT_TAKER;TOMATOES;XIRECS;5000.0;2
423800;BOT_TAKER;SUBMISSION;EMERALDS;XIRECS;10007.0;3
424000;SUBMISSION;BOT_TAKER;EMERALDS;XIRECS;10000.0;5
427600;BOT_TAKER;SUBMISSION;TOMATOES;XIRECS;5007.0;2
428500;SUBMISSION;BOT;EMERALDS;XIRECS;10000.0;9
429700;BOT;SUBMISSION;EMERALDS;XIRECS;10000.0;9
429700;SUBMISSION;BOT_TAKER;EMERALDS;XIRECS;9999.0;4
430000;SUBMISSION;BOT_TAKER;TOMATOES;XIRECS;4992.0;3
434200;SUBMISSION;BOT;EMERALDS;XIRECS;10000.0;6
434400;SUBMISSION;BOT;TOMATOES;XIRECS;4999.0;9
435100;BOT;SUBMISSION;TOMATOES;XIRECS;4997.0;2
435800;BOT;SUBMISSION;EMERALDS;XIRECS;10000.0;8
435900;SUBMISSION;BOT_TAKER;EMERALDS;XIRECS;9993.0;5
439200;SUBMISSION;BOT;EMERALDS;XIRECS;10000.0;9
441100;SUBMISSION;BOT_TAKER;TOMATOES;XIRECS;4992.0;5
442700;BOT;SUBMISSION;EMERALDS;XIRECS;10000.0;6
444600;BOT_TAKER;SUBMISSION;TOMATOES;XIRECS;4999.0;4
445100;SUBMISSION;BOT_TAKER;TOMATOES;XIRECS;4986.0;2
446400;BOT_MAKER;BOT_TAKER;TOMATOES;XIRECS;4987.0;5
446500;BOT_MAKER;BOT_TAKER;TOMATOES;XIRECS;4988.0;4
447800;BOT;SUBMISSION;EMERALDS;XIRECS;10000.0;9
448000;BOT;SUBMISSION;EMERALDS;XIRECS;10000.0;8
448300;SUBMISSION;BOT;EMERALDS;XIRECS;10000.0;9
448500;SUBMISSION;BOT;EMERALDS;XIRECS;10000.0;9
448900;SUBMISSION;BOT_TAKER;EMERALDS;XIRECS;9993.0;6
449600;BOT_MAKER;BOT_TAKER;TOMATOES;XIRECS;4988.0;4
449900;SUBMISSION;BOT_TAKER;EMERALDS;XIRECS;9993.0;6
449900;BOT_MAKER;BOT_TAKER;TOMATOES;XIRECS;4988.0;3
450200;BOT_TAKER;SUBMISSION;TOMATOES;XIRECS;5000.0;5
450700;SUBMISSION;BOT;EMERALDS;XIRECS;10000.0;8
450900;SUBMISSION;BOT;EMERALDS;XIRECS;10000.0;5
453400;SUBMISSION;BOT_TAKER;EMERALDS;XIRECS;9993.0;6
453600;BOT;SUBMISSION;EMERALDS;XIRECS;10000.0;6
454500;SUBMISSION;BOT_TAKER;TOMATOES;XIRECS;4990.0;5
454600;BOT_MAKER;BOT_TAKER;TOMATOES;XIRECS;4988.0;3
455900;BOT_TAKER;SUBMISSION;TOMATOES;XIRECS;4997.0;2
457800;BOT_TAKER;SUBMISSION;EMERALDS;XIRECS;10007.0;6
459200;SUBMISSION;BOT;EMERALDS;XIRECS;10000.0;7
459200;BOT_MAKER;BOT_TAKER;TOMATOES;XIRECS;4982.0;2
460600;SUBMISSION;BOT;EMERALDS;XIRECS;10000.0;6
463700;BOT_MAKER;BOT_TAKER;TOMATOES;XIRECS;4986.0;3
465300;BOT_TAKER;SUBMISSION;TOMATOES;XIRECS;4996.0;3
467100;BOT_TAKER;SUBMISSION;EMERALDS;XIRECS;10007.0;6
467300;BOT;SUBMISSION;EMERALDS;XIRECS;10000.0;10
470400;SUBMISSION;BOT_TAKER;TOMATOES;XIRECS;4988.0;2
470900;SUBMISSION;BOT_TAKER;TOMATOES;XIRECS;4988.0;2
471000;BOT_TAKER;SUBMISSION;EMERALDS;XIRECS;10007.0;8
472100;BOT;SUBMISSION;TOMATOES;XIRECS;4995.0;11
472700;SUBMISSION;BOT_TAKER;EMERALDS;XIRECS;9993.0;8
473600;SUBMISSION;BOT;EMERALDS;XIRECS;10000.0;7
475200;SUBMISSION;BOT;EMERALDS;XIRECS;10000.0;5
476200;BOT;SUBMISSION;EMERALDS;XIRECS;10000.0;6
477400;SUBMISSION;BOT;TOMATOES;XIRECS;5000.0;9
477700;BOT_TAKER;SUBMISSION;EMERALDS;XIRECS;10007.0;4
478100;BOT;SUBMISSION;TOMATOES;XIRECS;5001.0;3
479800;BOT_TAKER;SUBMISSION;TOMATOES;XIRECS;5010.0;4
481100;SUBMISSION;BOT;EMERALDS;XIRECS;10000.0;9
481300;SUBMISSION;BOT;EMERALDS;XIRECS;10000.0;7
484000;BOT_TAKER;SUBMISSION;TOMATOES;XIRECS;5010.0;5
484300;SUBMISSION;BOT_TAKER;EMERALDS;XIRECS;9993.0;4
485300;BOT_TAKER;BOT_MAKER;TOMATOES;XIRECS;5011.0;2
485500;BOT_TAKER;BOT_MAKER;TOMATOES;XIRECS;5012.0;5
485800;SUBMISSION;BOT;TOMATOES;XIRECS;5006.0;5
486300;BOT_TAKER;SUBMISSION;EMERALDS;XIRECS;10007.0;7
486600;BOT_TAKER;BOT_MAKER;TOMATOES;XIRECS;5010.0;2
486900;BOT_TAKER;SUBMISSION;TOMATOES;XIRECS;5009.0;2
487000;BOT_TAKER;SUBMISSION;TOMATOES;XIRECS;5009.0;2
488700;BOT_TAKER;BOT_MAKER;TOMATOES;XIRECS;5010.0;3
489000;SUBMISSION;BOT;EMERALDS;XIRECS;10000.0;6
489000;SUBMISSION;BOT;TOMATOES;XIRECS;5005.0;3
489300;SUBMISSION;BOT_TAKER;TOMATOES;XIRECS;4998.0;3
491200;SUBMISSION;BOT_TAKER;EMERALDS;XIRECS;9993.0;8
492600;SUBMISSION;BOT_TAKER;EMERALDS;XIRECS;9993.0;7
492700;SUBMISSION;BOT;EMERALDS;XIRECS;10000.0;7
494000;BOT_TAKER;SUBMISSION;TOMATOES;XIRECS;5009.0;3
494500;BOT_TAKER;SUBMISSION;EMERALDS;XIRECS;10007.0;3
494900;BOT;SUBMISSION;EMERALDS;XIRECS;10000.0;8
495200;BOT_TAKER;SUBMISSION;TOMATOES;XIRECS;5010.0;5
495500;SUBMISSION;BOT;TOMATOES;XIRECS;5004.0;5
495500;SUBMISSION;BOT_TAKER;EMERALDS;XIRECS;9993.0;5
497000;BOT;SUBMISSION;EMERALDS;XIRECS;10000.0;7
501700;SUBMISSION;BOT;EMERALDS;XIRECS;10000.0;7
501800;SUBMISSION;BOT_TAKER;TOMATOES;XIRECS;5000.0;4
502300;BOT_MAKER;BOT_TAKER;TOMATOES;XIRECS;5004.0;2
502500;SUBMISSION;BOT_TAKER;TOMATOES;XIRECS;4998.0;4
502900;SUBMISSION;BOT;EMERALDS;XIRECS;10000.0;8
503100;BOT_MAKER;BOT_TAKER;TOMATOES;XIRECS;4998.0;3
503300;BOT_TAKER;SUBMISSION;TOMATOES;XIRECS;5010.0;4
506500;SUBMISSION;BOT_TAKER;TOMATOES;XIRECS;5000.0;3
509000;BOT_TAKER;SUBMISSION;EMERALDS;XIRECS;10007.0;8
511300;BOT_MAKER;BOT_TAKER;TOMATOES;XIRECS;4997.0;3
512400;SUBMISSION;BOT_TAKER;EMERALDS;XIRECS;9993.0;3
512800;BOT_TAKER;SUBMISSION;TOMATOES;XIRECS;5007.0;5
513400;SUBMISSION;BOT;EMERALDS;XIRECS;10000.0;9
514000;BOT_TAKER;SUBMISSION;TOMATOES;XIRECS;5010.0;4
514300;SUBMISSION;BOT;TOMATOES;XIRECS;5005.0;4
514600;SUBMISSION;BOT_TAKER;EMERALDS;XIRECS;9993.0;3
514600;BOT_TAKER;SUBMISSION;TOMATOES;XIRECS;5010.0;4
515100;SUBMISSION;BOT;TOMATOES;XIRECS;5003.0;11
515300;BOT;SUBMISSION;EMERALDS;XIRECS;10000.0;5
516500;BOT_TAKER;SUBMISSION;EMERALDS;XIRECS;10007.0;7
516700;BOT_MAKER;BOT_TAKER;TOMATOES;XIRECS;4997.0;4
516800;BOT_TAKER;SUBMISSION;TOMATOES;XIRECS;5010.0;4
518500;SUBMISSION;BOT_TAKER;TOMATOES;XIRECS;5001.0;4
519800;SUBMISSION;BOT_TAKER;EMERALDS;XIRECS;9993.0;5
522000;BOT_TAKER;SUBMISSION;TOMATOES;XIRECS;5015.0;2
525100;BOT_TAKER;SUBMISSION;TOMATOES;XIRECS;5015.0;3
525900;SUBMISSION;BOT_TAKER;TOMATOES;XIRECS;5006.0;5
526100;SUBMISSION;BOT;EMERALDS;XIRECS;10000.0;7
526400;SUBMISSION;BOT_TAKER;TOMATOES;XIRECS;5004.0;3
526800;BOT_TAKER;SUBMISSION;EMERALDS;XIRECS;10007.0;6
528100;BOT;SUBMISSION;TOMATOES;XIRECS;5010.0;2
528200;SUBMISSION;BOT_TAKER;TOMATOES;XIRECS;5005.0;4
530500;BOT_MAKER;BOT_TAKER;TOMATOES;XIRECS;5002.0;5
531200;BOT;SUBMISSION;EMERALDS;XIRECS;10000.0;10
531800;SUBMISSION;BOT;EMERALDS;XIRECS;10000.0;9
531800;BOT_MAKER;BOT_TAKER;TOMATOES;XIRECS;5003.0;2
533800;BOT;SUBMISSION;TOMATOES;XIRECS;5008.0;6
534100;BOT;SUBMISSION;EMERALDS;XIRECS;10000.0;6
534300;BOT;SUBMISSION;TOMATOES;XIRECS;5010.0;2
535500;SUBMISSION;BOT_TAKER;EMERALDS;XIRECS;9993.0;5
535700;BOT_TAKER;BOT_MAKER;TOMATOES;XIRECS;5007.0;2
536600;SUBMISSION;BOT;EMERALDS;XIRECS;10000.0;10
537000;BOT_TAKER;SUBMISSION;EMERALDS;XIRECS;10007.0;6
538000;BOT_TAKER;SUBMISSION;TOMATOES;XIRECS;5017.0;4
538800;SUBMISSION;BOT;EMERALDS;XIRECS;10000.0;10
540300;BOT_TAKER;SUBMISSION;TOMATOES;XIRECS;5017.0;5
541400;SUBMISSION;BOT_TAKER;EMERALDS;XIRECS;9993.0;8
541900;SUBMISSION;BOT_TAKER;TOMATOES;XIRECS;5009.0;4
542900;SUBMISSION;BOT;EMERALDS;XIRECS;10000.0;7
543800;BOT;SUBMISSION;EMERALDS;XIRECS;10000.0;7
544900;SUBMISSION;BOT;EMERALDS;XIRECS;10000.0;10
544900;SUBMISSION;BOT_TAKER;TOMATOES;XIRECS;5011.0;4
545300;SUBMISSION;BOT_TAKER;TOMATOES;XIRECS;5013.0;2
549800;SUBMISSION;BOT_TAKER;TOMATOES;XIRECS;5013.0;2
549900;BOT_TAKER;SUBMISSION;TOMATOES;XIRECS;5024.0;3
551800;BOT;SUBMISSION;EMERALDS;XIRECS;10000.0;10
552800;BOT_TAKER;SUBMISSION;EMERALDS;XIRECS;10007.0;5
552900;BOT_MAKER;BOT_TAKER;TOMATOES;XIRECS;5017.0;5
558700;BOT;SUBMISSION;EMERALDS;XIRECS;10000.0;5
558800;SUBMISSION;BOT;EMERALDS;XIRECS;10000.0;8
558900;SUBMISSION;BOT_TAKER;TOMATOES;XIRECS;5024.0;3
559000;SUBMISSION;BOT_TAKER;EMERALDS;XIRECS;9993.0;4
559300;SUBMISSION;BOT_TAKER;TOMATOES;XIRECS;5023.0;2
561400;BOT_TAKER;SUBMISSION;TOMATOES;XIRECS;5031.0;3
561500;SUBMISSION;BOT_TAKER;EMERALDS;XIRECS;9993.0;3
564400;BOT_TAKER;SUBMISSION;EMERALDS;XIRECS;10007.0;6
565700;BOT_TAKER;SUBMISSION;TOMATOES;XIRECS;5031.0;5
565800;SUBMISSION;BOT_TAKER;EMERALDS;XIRECS;9993.0;6
565900;SUBMISSION;BOT_TAKER;TOMATOES;XIRECS;5020.0;4
566000;SUBMISSION;BOT;EMERALDS;XIRECS;10000.0;8
567900;BOT;SUBMISSION;TOMATOES;XIRECS;5026.0;2
568800;SUBMISSION;BOT;EMERALDS;XIRECS;10000.0;9
571600;SUBMISSION;BOT_TAKER;TOMATOES;XIRECS;5020.0;4
574700;BOT;SUBMISSION;EMERALDS;XIRECS;10000.0;10
575600;BOT;SUBMISSION;TOMATOES;XIRECS;5027.0;12
576500;BOT_TAKER;BOT_MAKER;TOMATOES;XIRECS;5033.0;4
576800;SUBMISSION;BOT;TOMATOES;XIRECS;5028.0;3
577500;SUBMISSION;BOT;TOMATOES;XIRECS;5026.0;7
577700;SUBMISSION;BOT;EMERALDS;XIRECS;10000.0;9
578200;SUBMISSION;BOT_TAKER;EMERALDS;XIRECS;9993.0;6
578300;BOT_TAKER;SUBMISSION;TOMATOES;XIRECS;5032.0;4
581700;BOT_TAKER;SUBMISSION;TOMATOES;XIRECS;5031.0;2
581800;BOT;SUBMISSION;EMERALDS;XIRECS;10000.0;7
582700;SUBMISSION;BOT_TAKER;TOMATOES;XIRECS;5021.0;2
583700;SUBMISSION;BOT;EMERALDS;XIRECS;10000.0;7
585800;BOT_MAKER;BOT_TAKER;TOMATOES;XIRECS;5031.0;5
586100;BOT_TAKER;SUBMISSION;EMERALDS;XIRECS;10007.0;3
589000;BOT;SUBMISSION;EMERALDS;XIRECS;10000.0;5
591300;SUBMISSION;BOT;EMERALDS;XIRECS;10000.0;6
592400;SUBMISSION;BOT_TAKER;TOMATOES;XIRECS;5023.0;3
594000;BOT;SUBMISSION;TOMATOES;XIRECS;5031.0;7
594600;BOT_TAKER;SUBMISSION;EMERALDS;XIRECS;10007.0;5
594900;SUBMISSION;BOT_TAKER;TOMATOES;XIRECS;5024.0;4
595000;BOT;SUBMISSION;EMERALDS;XIRECS;10000.0;6
596000;SUBMISSION;BOT;EMERALDS;XIRECS;10000.0;10
596600;SUBMISSION;BOT_TAKER;TOMATOES;XIRECS;5026.0;2
596700;BOT;SUBMISSION;TOMATOES;XIRECS;5033.0;10
597600;SUBMISSION;BOT;TOMATOES;XIRECS;5031.0;11
598400;SUBMISSION;BOT_TAKER;EMERALDS;XIRECS;9993.0;8
599200;BOT_TAKER;SUBMISSION;TOMATOES;XIRECS;5038.0;3
599500;BOT;SUBMISSION;EMERALDS;XIRECS;10000.0;5
599700;BOT_TAKER;SUBMISSION;TOMATOES;XIRECS;5037.0;5
600500;SUBMISSION;BOT;TOMATOES;XIRECS;5031.0;4
600600;BOT_TAKER;SUBMISSION;EMERALDS;XIRECS;10007.0;7
600600;SUBMISSION;BOT_TAKER;TOMATOES;XIRECS;5025.0;3
600700;BOT_TAKER;SUBMISSION;TOMATOES;XIRECS;5036.0;5
602800;SUBMISSION;BOT;EMERALDS;XIRECS;10000.0;7
603000;BOT_TAKER;SUBMISSION;EMERALDS;XIRECS;10007.0;4
603300;SUBMISSION;BOT;EMERALDS;XIRECS;10000.0;8
605100;BOT_TAKER;SUBMISSION;TOMATOES;XIRECS;5043.0;3
605200;SUBMISSION;BOT;EMERALDS;XIRECS;10000.0;10
606900;SUBMISSION;BOT_TAKER;TOMATOES;XIRECS;5034.0;3
608700;SUBMISSION;BOT;EMERALDS;XIRECS;10000.0;5
608700;SUBMISSION;BOT;TOMATOES;XIRECS;5037.0;6
608800;SUBMISSION;BOT;EMERALDS;XIRECS;10000.0;5
610200;BOT_TAKER;SUBMISSION;TOMATOES;XIRECS;5040.0;2
611000;SUBMISSION;BOT;EMERALDS;XIRECS;10000.0;4
611700;BOT;SUBMISSION;EMERALDS;XIRECS;10000.0;6
613500;BOT;SUBMISSION;EMERALDS;XIRECS;10000.0;10
613700;SUBMISSION;BOT_TAKER;TOMATOES;XIRECS;5026.0;3
615100;BOT_TAKER;SUBMISSION;TOMATOES;XIRECS;5041.0;5
615600;BOT_TAKER;SUBMISSION;TOMATOES;XIRECS;5040.0;5
617100;SUBMISSION;BOT;EMERALDS;XIRECS;10000.0;7
617600;BOT_TAKER;BOT_MAKER;TOMATOES;XIRECS;5042.0;2
617800;SUBMISSION;BOT;EMERALDS;XIRECS;10000.0;5
618600;BOT;SUBMISSION;EMERALDS;XIRECS;10000.0;6
621800;SUBMISSION;BOT;TOMATOES;XIRECS;5038.0;3
622300;SUBMISSION;BOT_TAKER;TOMATOES;XIRECS;5030.0;4
622600;SUBMISSION;BOT_TAKER;EMERALDS;XIRECS;9993.0;7
623400;BOT_TAKER;SUBMISSION;TOMATOES;XIRECS;5043.0;3
623600;BOT_TAKER;SUBMISSION;TOMATOES;XIRECS;5042.0;5
623800;BOT_TAKER;BOT_MAKER;TOMATOES;XIRECS;5042.0;4
624000;SUBMISSION;BOT;EMERALDS;XIRECS;10000.0;3
624100;SUBMISSION;BOT;TOMATOES;XIRECS;5034.0;11
625500;BOT;SUBMISSION;TOMATOES;XIRECS;5037.0;2
625700;BOT;SUBMISSION;EMERALDS;XIRECS;10000.0;7
626000;SUBMISSION;BOT;EMERALDS;XIRECS;10000.0;5
627400;SUBMISSION;BOT_TAKER;EMERALDS;XIRECS;9993.0;2
627400;BOT_MAKER;BOT_TAKER;EMERALDS;XIRECS;9992.0;4
627500;BOT_MAKER;BOT_TAKER;TOMATOES;XIRECS;5035.0;3
627800;BOT;SUBMISSION;EMERALDS;XIRECS;10000.0;9
629600;SUBMISSION;BOT_TAKER;EMERALDS;XIRECS;9993.0;4
630700;SUBMISSION;BOT_TAKER;TOMATOES;XIRECS;5033.0;4
630800;SUBMISSION;BOT;EMERALDS;XIRECS;10000.0;5
635400;BOT;SUBMISSION;TOMATOES;XIRECS;5038.0;9
636800;BOT;SUBMISSION;EMERALDS;XIRECS;10000.0;9
637500;SUBMISSION;BOT_TAKER;TOMATOES;XIRECS;5033.0;5
637600;BOT;SUBMISSION;EMERALDS;XIRECS;10000.0;7
638300;SUBMISSION;BOT;EMERALDS;XIRECS;10000.0;10
639000;BOT_TAKER;SUBMISSION;TOMATOES;XIRECS;5041.0;5
639100;BOT_TAKER;BOT_MAKER;TOMATOES;XIRECS;5041.0;3
640100;BOT_TAKER;BOT_MAKER;TOMATOES;XIRECS;5042.0;3
641800;BOT_TAKER;SUBMISSION;EMERALDS;XIRECS;10000.0;8
642100;BOT;SUBMISSION;EMERALDS;XIRECS;10000.0;5
643400;SUBMISSION;BOT_TAKER;TOMATOES;XIRECS;5033.0;3
647300;SUBMISSION;BOT;EMERALDS;XIRECS;10000.0;5
650100;SUBMISSION;BOT;EMERALDS;XIRECS;10000.0;7
650500;BOT_TAKER;SUBMISSION;TOMATOES;XIRECS;5050.0;3
650900;BOT;SUBMISSION;EMERALDS;XIRECS;10000.0;10
652000;SUBMISSION;BOT;EMERALDS;XIRECS;10000.0;10
654000;BOT_TAKER;SUBMISSION;TOMATOES;XIRECS;5050.0;2
656500;SUBMISSION;BOT;EMERALDS;XIRECS;10000.0;5
657500;BOT;SUBMISSION;EMERALDS;XIRECS;10000.0;10
661600;SUBMISSION;BOT;TOMATOES;XIRECS;5043.0;2
661700;SUBMISSION;BOT;TOMATOES;XIRECS;5040.0;7
662100;BOT;SUBMISSION;TOMATOES;XIRECS;5041.0;4
662600;SUBMISSION;BOT_TAKER;TOMATOES;XIRECS;5035.0;4
663600;SUBMISSION;BOT_TAKER;TOMATOES;XIRECS;5033.0;3
665800;SUBMISSION;BOT_TAKER;EMERALDS;XIRECS;9993.0;7
666200;BOT_MAKER;BOT_TAKER;TOMATOES;XIRECS;5027.0;2
666300;BOT;SUBMISSION;EMERALDS;XIRECS;10000.0;5
666700;SUBMISSION;BOT_TAKER;EMERALDS;XIRECS;9993.0;8
669500;BOT;SUBMISSION;TOMATOES;XIRECS;5035.0;7
669700;SUBMISSION;BOT_TAKER;EMERALDS;XIRECS;9993.0;2
669700;BOT_MAKER;BOT_TAKER;EMERALDS;XIRECS;9992.0;4
670100;BOT;SUBMISSION;EMERALDS;XIRECS;10000.0;7
671000;BOT_TAKER;SUBMISSION;EMERALDS;XIRECS;10000.0;6
671800;BOT;SUBMISSION;EMERALDS;XIRECS;10000.0;7
672100;SUBMISSION;BOT;EMERALDS;XIRECS;10000.0;9
672400;BOT_TAKER;SUBMISSION;TOMATOES;XIRECS;5041.0;5
673700;BOT_TAKER;SUBMISSION;TOMATOES;XIRECS;5043.0;2
673900;SUBMISSION;BOT;TOMATOES;XIRECS;5037.0;6
678600;BOT_TAKER;SUBMISSION;TOMATOES;XIRECS;5041.0;3
680000;SUBMISSION;BOT;EMERALDS;XIRECS;10000.0;7
680400;SUBMISSION;BOT_TAKER;EMERALDS;XIRECS;9993.0;4
680400;BOT_MAKER;BOT_TAKER;EMERALDS;XIRECS;9992.0;3
680600;SUBMISSION;BOT_TAKER;TOMATOES;XIRECS;5033.0;3
682800;BOT_TAKER;SUBMISSION;EMERALDS;XIRECS;10000.0;4
683900;BOT;SUBMISSION;EMERALDS;XIRECS;10000.0;6
685100;SUBMISSION;BOT;EMERALDS;XIRECS;10000.0;7
686500;BOT_TAKER;SUBMISSION;TOMATOES;XIRECS;5040.0;4
687800;SUBMISSION;BOT;TOMATOES;XIRECS;5034.0;4
689100;SUBMISSION;BOT;EMERALDS;XIRECS;10000.0;3
693200;SUBMISSION;BOT_TAKER;TOMATOES;XIRECS;5025.0;3
694100;SUBMISSION;BOT_TAKER;TOMATOES;XIRECS;5025.0;5
697500;BOT;SUBMISSION;TOMATOES;XIRECS;5027.0;5
699200;BOT;SUBMISSION;EMERALDS;XIRECS;10000.0;10
699800;BOT;SUBMISSION;EMERALDS;XIRECS;10000.0;5
702400;SUBMISSION;BOT_TAKER;EMERALDS;XIRECS;9993.0;7
703800;BOT;SUBMISSION;EMERALDS;XIRECS;10000.0;9
704000;BOT_TAKER;SUBMISSION;EMERALDS;XIRECS;10007.0;8
705800;SUBMISSION;BOT_TAKER;TOMATOES;XIRECS;5024.0;2
706600;BOT;SUBMISSION;EMERALDS;XIRECS;10000.0;6
709400;SUBMISSION;BOT;EMERALDS;XIRECS;10000.0;9
710100;BOT_TAKER;SUBMISSION;TOMATOES;XIRECS;5034.0;2
710200;SUBMISSION;BOT_TAKER;EMERALDS;XIRECS;9993.0;7
710800;SUBMISSION;BOT;EMERALDS;XIRECS;10000.0;7
712300;SUBMISSION;BOT;EMERALDS;XIRECS;10000.0;6
712500;BOT;SUBMISSION;EMERALDS;XIRECS;10000.0;5
714300;SUBMISSION;BOT_TAKER;TOMATOES;XIRECS;5024.0;4
715000;BOT_MAKER;BOT_TAKER;TOMATOES;XIRECS;5025.0;4
715800;BOT;SUBMISSION;TOMATOES;XIRECS;5032.0;3
717900;SUBMISSION;BOT;EMERALDS;XIRECS;10000.0;5
719100;SUBMISSION;BOT_TAKER;TOMATOES;XIRECS;5023.0;3
721100;SUBMISSION;BOT;EMERALDS;XIRECS;10000.0;2
721800;BOT_MAKER;BOT_TAKER;TOMATOES;XIRECS;5023.0;2
722400;BOT_TAKER;SUBMISSION;EMERALDS;XIRECS;10000.0;3
723400;BOT;SUBMISSION;EMERALDS;XIRECS;10000.0;10
723400;BOT;SUBMISSION;TOMATOES;XIRECS;5026.0;2
723600;BOT_MAKER;BOT_TAKER;TOMATOES;XIRECS;5023.0;2
724000;BOT_TAKER;SUBMISSION;TOMATOES;XIRECS;5035.0;3
725400;BOT_TAKER;SUBMISSION;TOMATOES;XIRECS;5035.0;3
727000;SUBMISSION;BOT_TAKER;TOMATOES;XIRECS;5026.0;5
727100;BOT_TAKER;SUBMISSION;EMERALDS;XIRECS;10007.0;8
727200;BOT_TAKER;SUBMISSION;TOMATOES;XIRECS;5036.0;3
730400;SUBMISSION;BOT_TAKER;TOMATOES;XIRECS;5021.0;2
736100;BOT_TAKER;SUBMISSION;TOMATOES;XIRECS;5039.0;2
737400;BOT_TAKER;SUBMISSION;TOMATOES;XIRECS;5041.0;5
737600;SUBMISSION;BOT_TAKER;TOMATOES;XIRECS;5029.0;2
737800;SUBMISSION;BOT;EMERALDS;XIRECS;10000.0;7
738800;SUBMISSION;BOT;EMERALDS;XIRECS;10000.0;6
739900;SUBMISSION;BOT;TOMATOES;XIRECS;5033.0;7
743100;BOT_TAKER;SUBMISSION;EMERALDS;XIRECS;10000.0;8
743400;SUBMISSION;BOT_TAKER;TOMATOES;XIRECS;5027.0;2
743500;BOT_TAKER;SUBMISSION;TOMATOES;XIRECS;5038.0;4
744700;SUBMISSION;BOT;EMERALDS;XIRECS;10000.0;5
745700;SUBMISSION;BOT_TAKER;TOMATOES;XIRECS;5029.0;2
745900;BOT_TAKER;SUBMISSION;TOMATOES;XIRECS;5040.0;2
746500;SUBMISSION;BOT_TAKER;TOMATOES;XIRECS;5029.0;5
746900;BOT_TAKER;SUBMISSION;TOMATOES;XIRECS;5039.0;2
747000;BOT_TAKER;SUBMISSION;TOMATOES;XIRECS;5038.0;2
748400;SUBMISSION;BOT_TAKER;EMERALDS;XIRECS;9993.0;3
750400;BOT;SUBMISSION;TOMATOES;XIRECS;5033.0;6
750500;SUBMISSION;BOT;EMERALDS;XIRECS;10000.0;5
752700;BOT;SUBMISSION;EMERALDS;XIRECS;10000.0;5
752700;SUBMISSION;BOT_TAKER;TOMATOES;XIRECS;5025.0;5
753700;BOT;SUBMISSION;EMERALDS;XIRECS;10000.0;8
755600;SUBMISSION;BOT_TAKER;TOMATOES;XIRECS;5029.0;2
756300;BOT;SUBMISSION;TOMATOES;XIRECS;5037.0;5
757200;SUBMISSION;BOT_TAKER;TOMATOES;XIRECS;5028.0;4
763200;BOT_MAKER;BOT_TAKER;TOMATOES;XIRECS;5024.0;3
763700;BOT_TAKER;SUBMISSION;TOMATOES;XIRECS;5036.0;2
765500;SUBMISSION;BOT;EMERALDS;XIRECS;10000.0;10
766300;SUBMISSION;BOT_TAKER;TOMATOES;XIRECS;5024.0;5
766700;BOT;SUBMISSION;EMERALDS;XIRECS;10000.0;10
766700;BOT_TAKER;SUBMISSION;TOMATOES;XIRECS;5035.0;2
768500;BOT;SUBMISSION;TOMATOES;XIRECS;5032.0;8
769100;BOT;SUBMISSION;EMERALDS;XIRECS;10000.0;9
769500;SUBMISSION;BOT_TAKER;EMERALDS;XIRECS;9993.0;6
769500;BOT_TAKER;BOT_MAKER;TOMATOES;XIRECS;5037.0;5
769800;BOT_TAKER;SUBMISSION;EMERALDS;XIRECS;10007.0;5
770200;SUBMISSION;BOT;EMERALDS;XIRECS;10000.0;6
770300;SUBMISSION;BOT;TOMATOES;XIRECS;5029.0;5
772400;BOT_TAKER;SUBMISSION;TOMATOES;XIRECS;5033.0;2
773300;BOT_TAKER;SUBMISSION;EMERALDS;XIRECS;10007.0;3
773900;SUBMISSION;BOT;EMERALDS;XIRECS;10000.0;5
774100;SUBMISSION;BOT;EMERALDS;XIRECS;10000.0;10
775100;BOT_TAKER;SUBMISSION;TOMATOES;XIRECS;5033.0;5
775800;SUBMISSION;BOT_TAKER;EMERALDS;XIRECS;9993.0;4
775900;SUBMISSION;BOT_TAKER;TOMATOES;XIRECS;5022.0;5
776700;SUBMISSION;BOT_TAKER;EMERALDS;XIRECS;9993.0;2
776700;BOT_MAKER;BOT_TAKER;EMERALDS;XIRECS;9992.0;6
776900;BOT_TAKER;SUBMISSION;EMERALDS;XIRECS;10000.0;8
777000;BOT_TAKER;SUBMISSION;TOMATOES;XIRECS;5035.0;5
777700;BOT_TAKER;SUBMISSION;TOMATOES;XIRECS;5038.0;4
778400;SUBMISSION;BOT_TAKER;EMERALDS;XIRECS;9993.0;5
778400;BOT_TAKER;BOT_MAKER;TOMATOES;XIRECS;5038.0;5
779100;BOT;SUBMISSION;EMERALDS;XIRECS;10000.0;5
779400;SUBMISSION;BOT_TAKER;TOMATOES;XIRECS;5026.0;5
780300;SUBMISSION;BOT_TAKER;EMERALDS;XIRECS;9993.0;3
780800;SUBMISSION;BOT;EMERALDS;XIRECS;10000.0;5
783200;SUBMISSION;BOT;TOMATOES;XIRECS;5030.0;8
784000;BOT_MAKER;BOT_TAKER;TOMATOES;XIRECS;5026.0;3
784800;BOT_MAKER;BOT_TAKER;TOMATOES;XIRECS;5027.0;3
787500;BOT_MAKER;BOT_TAKER;TOMATOES;XIRECS;5031.0;2
789700;BOT_MAKER;BOT_TAKER;EMERALDS;XIRECS;9992.0;7
792000;BOT_MAKER;BOT_TAKER;EMERALDS;XIRECS;9992.0;7
793800;BOT_TAKER;SUBMISSION;TOMATOES;XIRECS;5036.0;5
794900;SUBMISSION;BOT;TOMATOES;XIRECS;5030.0;2
795200;BOT;SUBMISSION;EMERALDS;XIRECS;10000.0;10
796400;BOT;SUBMISSION;EMERALDS;XIRECS;10000.0;5
796500;BOT_TAKER;SUBMISSION;EMERALDS;XIRECS;10007.0;7
798400;BOT_TAKER;SUBMISSION;EMERALDS;XIRECS;10007.0;5
798400;SUBMISSION;BOT_TAKER;TOMATOES;XIRECS;5017.0;5
799900;BOT_TAKER;SUBMISSION;TOMATOES;XIRECS;5031.0;2
801600;SUBMISSION;BOT_TAKER;EMERALDS;XIRECS;9993.0;6
803000;BOT;SUBMISSION;TOMATOES;XIRECS;5027.0;6
804000;BOT_TAKER;SUBMISSION;EMERALDS;XIRECS;10007.0;6
804300;SUBMISSION;BOT_TAKER;EMERALDS;XIRECS;9993.0;4
804800;BOT_TAKER;SUBMISSION;EMERALDS;XIRECS;10007.0;8
805800;BOT;SUBMISSION;EMERALDS;XIRECS;10000.0;5
807200;BOT_TAKER;SUBMISSION;EMERALDS;XIRECS;10007.0;3
807700;SUBMISSION;BOT_TAKER;TOMATOES;XIRECS;5013.0;4
809600;BOT_TAKER;SUBMISSION;TOMATOES;XIRECS;5024.0;3
810400;BOT_TAKER;SUBMISSION;TOMATOES;XIRECS;5024.0;5
812100;BOT_TAKER;BOT_MAKER;TOMATOES;XIRECS;5025.0;2
813900;BOT;SUBMISSION;EMERALDS;XIRECS;10000.0;9
813900;SUBMISSION;BOT;TOMATOES;XIRECS;5017.0;10
814400;SUBMISSION;BOT_TAKER;EMERALDS;XIRECS;9993.0;8
815000;SUBMISSION;BOT;EMERALDS;XIRECS;10000.0;10
816500;SUBMISSION;BOT_TAKER;TOMATOES;XIRECS;5016.0;4
816600;SUBMISSION;BOT;EMERALDS;XIRECS;10000.0;8
817800;SUBMISSION;BOT_TAKER;EMERALDS;XIRECS;9993.0;3
818400;BOT;SUBMISSION;TOMATOES;XIRECS;5021.0;4
819500;BOT_MAKER;BOT_TAKER;TOMATOES;XIRECS;5017.0;3
820100;SUBMISSION;BOT_TAKER;TOMATOES;XIRECS;5018.0;4
820500;BOT_TAKER;SUBMISSION;TOMATOES;XIRECS;5028.0;2
820700;SUBMISSION;BOT;EMERALDS;XIRECS;10000.0;7
821000;BOT_TAKER;SUBMISSION;TOMATOES;XIRECS;5026.0;2
821400;BOT;SUBMISSION;TOMATOES;XIRECS;5024.0;10
822300;SUBMISSION;BOT;TOMATOES;XIRECS;5024.0;5
822600;BOT_TAKER;BOT_MAKER;TOMATOES;XIRECS;5029.0;3
825700;SUBMISSION;BOT_TAKER;EMERALDS;XIRECS;9993.0;4
826600;SUBMISSION;BOT_TAKER;EMERALDS;XIRECS;9993.0;8
831400;BOT_TAKER;SUBMISSION;EMERALDS;XIRECS;10000.0;6
831500;BOT_MAKER;BOT_TAKER;TOMATOES;XIRECS;5022.0;5
832000;BOT;SUBMISSION;EMERALDS;XIRECS;10000.0;5
832100;SUBMISSION;BOT_TAKER;EMERALDS;XIRECS;9993.0;3
832500;BOT_TAKER;SUBMISSION;TOMATOES;XIRECS;5026.0;2
832700;SUBMISSION;BOT;EMERALDS;XIRECS;10000.0;6
832900;BOT_TAKER;SUBMISSION;EMERALDS;XIRECS;10000.0;7
833000;SUBMISSION;BOT;EMERALDS;XIRECS;10000.0;9
835400;SUBMISSION;BOT;TOMATOES;XIRECS;5014.0;7
835900;BOT_TAKER;SUBMISSION;TOMATOES;XIRECS;5021.0;5
836500;BOT_TAKER;SUBMISSION;EMERALDS;XIRECS;10000.0;6
836600;SUBMISSION;BOT;EMERALDS;XIRECS;10000.0;6
836600;BOT_MAKER;BOT_TAKER;TOMATOES;XIRECS;5014.0;3
836900;BOT;SUBMISSION;EMERALDS;XIRECS;10000.0;10
838200;BOT;SUBMISSION;EMERALDS;XIRECS;10000.0;5
838700;BOT_TAKER;SUBMISSION;TOMATOES;XIRECS;5020.0;3
842900;BOT_TAKER;SUBMISSION;TOMATOES;XIRECS;5024.0;4
844000;SUBMISSION;BOT;EMERALDS;XIRECS;10000.0;6
844100;SUBMISSION;BOT;TOMATOES;XIRECS;5017.0;4
845600;SUBMISSION;BOT;TOMATOES;XIRECS;5014.0;6
846200;SUBMISSION;BOT;EMERALDS;XIRECS;10000.0;5
846900;BOT_TAKER;SUBMISSION;TOMATOES;XIRECS;5020.0;5
847700;SUBMISSION;BOT_TAKER;TOMATOES;XIRECS;5007.0;2
847900;SUBMISSION;BOT;TOMATOES;XIRECS;5012.0;8
848500;SUBMISSION;BOT;EMERALDS;XIRECS;10000.0;4
850500;BOT;SUBMISSION;TOMATOES;XIRECS;5010.0;2
850500;BOT_MAKER;BOT_TAKER;TOMATOES;XIRECS;5006.0;5
851300;BOT_MAKER;BOT_TAKER;EMERALDS;XIRECS;9992.0;7
851800;BOT;SUBMISSION;EMERALDS;XIRECS;10000.0;6
852400;BOT;SUBMISSION;EMERALDS;XIRECS;10000.0;7
855800;SUBMISSION;BOT;EMERALDS;XIRECS;10000.0;5
856700;SUBMISSION;BOT_TAKER;TOMATOES;XIRECS;5011.0;4
858700;BOT_TAKER;SUBMISSION;TOMATOES;XIRECS;5022.0;3
859900;BOT;SUBMISSION;TOMATOES;XIRECS;5015.0;12
861300;SUBMISSION;BOT_TAKER;TOMATOES;XIRECS;5008.0;4
862900;SUBMISSION;BOT_TAKER;EMERALDS;XIRECS;9993.0;6
863700;SUBMISSION;BOT;EMERALDS;XIRECS;10000.0;2
864600;BOT_TAKER;SUBMISSION;EMERALDS;XIRECS;10000.0;6
866000;BOT_TAKER;SUBMISSION;EMERALDS;XIRECS;10000.0;7
866800;BOT_TAKER;SUBMISSION;EMERALDS;XIRECS;10007.0;7
870100;SUBMISSION;BOT_TAKER;TOMATOES;XIRECS;5008.0;4
871300;BOT_TAKER;SUBMISSION;TOMATOES;XIRECS;5019.0;3
872100;BOT_TAKER;SUBMISSION;TOMATOES;XIRECS;5021.0;5
872300;SUBMISSION;BOT;TOMATOES;XIRECS;5013.0;11
874300;SUBMISSION;BOT_TAKER;EMERALDS;XIRECS;9993.0;5
875000;SUBMISSION;BOT;EMERALDS;XIRECS;10000.0;5
875100;BOT_TAKER;SUBMISSION;TOMATOES;XIRECS;5027.0;5
876300;BOT;SUBMISSION;EMERALDS;XIRECS;10000.0;8
877300;BOT_TAKER;BOT_MAKER;TOMATOES;XIRECS;5023.0;3
877400;SUBMISSION;BOT_TAKER;TOMATOES;XIRECS;5017.0;5
877600;SUBMISSION;BOT_TAKER;EMERALDS;XIRECS;9993.0;8
878800;BOT;SUBMISSION;EMERALDS;XIRECS;10000.0;5
879200;BOT_TAKER;SUBMISSION;TOMATOES;XIRECS;5028.0;5
880300;BOT;SUBMISSION;EMERALDS;XIRECS;10000.0;8
880400;BOT_TAKER;SUBMISSION;EMERALDS;XIRECS;10007.0;3
881500;SUBMISSION;BOT_TAKER;TOMATOES;XIRECS;5016.0;2
883000;SUBMISSION;BOT;EMERALDS;XIRECS;10000.0;10
883400;SUBMISSION;BOT_TAKER;TOMATOES;XIRECS;5017.0;3
884100;BOT_TAKER;SUBMISSION;EMERALDS;XIRECS;10007.0;6
884300;SUBMISSION;BOT_TAKER;TOMATOES;XIRECS;5018.0;3
884400;SUBMISSION;BOT;EMERALDS;XIRECS;10000.0;6
884500;BOT_MAKER;BOT_TAKER;TOMATOES;XIRECS;5022.0;4
885300;BOT_TAKER;SUBMISSION;EMERALDS;XIRECS;10007.0;7
888300;BOT_TAKER;SUBMISSION;TOMATOES;XIRECS;5031.0;5
889300;BOT_TAKER;SUBMISSION;EMERALDS;XIRECS;10007.0;6
890400;BOT_TAKER;BOT_MAKER;TOMATOES;XIRECS;5027.0;2
890900;SUBMISSION;BOT;EMERALDS;XIRECS;10000.0;7
891000;BOT_MAKER;BOT_TAKER;TOMATOES;XIRECS;5022.0;4
891200;BOT;SUBMISSION;TOMATOES;XIRECS;5029.0;3
891800;SUBMISSION;BOT;EMERALDS;XIRECS;10000.0;5
892200;BOT;SUBMISSION;EMERALDS;XIRECS;10000.0;8
894800;BOT;SUBMISSION;EMERALDS;XIRECS;10000.0;6
896300;SUBMISSION;BOT;EMERALDS;XIRECS;10000.0;7
898000;SUBMISSION;BOT;TOMATOES;XIRECS;5026.0;5
898000;BOT_TAKER;SUBMISSION;EMERALDS;XIRECS;10007.0;8
898400;BOT_TAKER;SUBMISSION;TOMATOES;XIRECS;5032.0;3
899300;BOT;SUBMISSION;EMERALDS;XIRECS;10000.0;10
899700;SUBMISSION;BOT;EMERALDS;XIRECS;10000.0;7
901200;BOT;SUBMISSION;EMERALDS;XIRECS;10000.0;8
901300;SUBMISSION;BOT_TAKER;EMERALDS;XIRECS;9993.0;6
902000;SUBMISSION;BOT;EMERALDS;XIRECS;10000.0;8
903100;BOT_TAKER;SUBMISSION;EMERALDS;XIRECS;10007.0;8
903200;BOT_TAKER;SUBMISSION;TOMATOES;XIRECS;5033.0;3
903400;BOT;SUBMISSION;EMERALDS;XIRECS;10000.0;6
904100;SUBMISSION;BOT_TAKER;EMERALDS;XIRECS;9993.0;3
905200;SUBMISSION;BOT_TAKER;TOMATOES;XIRECS;5025.0;5
905500;SUBMISSION;BOT;EMERALDS;XIRECS;10000.0;9
906400;SUBMISSION;BOT_TAKER;TOMATOES;XIRECS;5026.0;2
906500;BOT;SUBMISSION;TOMATOES;XIRECS;5031.0;4
907000;BOT_TAKER;SUBMISSION;EMERALDS;XIRECS;10007.0;8
908900;SUBMISSION;BOT;EMERALDS;XIRECS;10000.0;8
909500;SUBMISSION;BOT;EMERALDS;XIRECS;10000.0;5
909600;BOT;SUBMISSION;EMERALDS;XIRECS;10000.0;9
912000;SUBMISSION;BOT_TAKER;EMERALDS;XIRECS;9993.0;6
913000;BOT_TAKER;SUBMISSION;TOMATOES;XIRECS;5036.0;5
913600;SUBMISSION;BOT_TAKER;EMERALDS;XIRECS;9993.0;8
913900;BOT_TAKER;SUBMISSION;EMERALDS;XIRECS;10007.0;6
915100;SUBMISSION;BOT;EMERALDS;XIRECS;10000.0;7
915500;SUBMISSION;BOT_TAKER;TOMATOES;XIRECS;5026.0;2
916900;BOT_TAKER;SUBMISSION;EMERALDS;XIRECS;10007.0;3
917500;SUBMISSION;BOT;EMERALDS;XIRECS;10000.0;8
918100;SUBMISSION;BOT;EMERALDS;XIRECS;10000.0;7
918300;BOT_TAKER;SUBMISSION;EMERALDS;XIRECS;10000.0;4
921100;SUBMISSION;BOT;EMERALDS;XIRECS;10000.0;5
922300;BOT;SUBMISSION;EMERALDS;XIRECS;10000.0;9
925600;BOT;SUBMISSION;EMERALDS;XIRECS;10000.0;5
926100;SUBMISSION;BOT;TOMATOES;XIRECS;5027.0;11
926900;BOT;SUBMISSION;TOMATOES;XIRECS;5026.0;2
927300;BOT_TAKER;SUBMISSION;EMERALDS;XIRECS;10007.0;3
928700;BOT_MAKER;BOT_TAKER;TOMATOES;XIRECS;5020.0;5
930200;BOT_TAKER;SUBMISSION;EMERALDS;XIRECS;10007.0;8
932200;BOT;SUBMISSION;TOMATOES;XIRECS;5027.0;3
932900;BOT_TAKER;SUBMISSION;TOMATOES;XIRECS;5034.0;2
933000;BOT;SUBMISSION;EMERALDS;XIRECS;10000.0;10
933000;BOT_TAKER;SUBMISSION;TOMATOES;XIRECS;5034.0;3
933200;BOT;SUBMISSION;EMERALDS;XIRECS;10000.0;8
933500;BOT;SUBMISSION;EMERALDS;XIRECS;10000.0;10
936300;BOT;SUBMISSION;EMERALDS;XIRECS;10000.0;7
936400;SUBMISSION;BOT_TAKER;TOMATOES;XIRECS;5024.0;2
937700;BOT_TAKER;SUBMISSION;EMERALDS;XIRECS;10007.0;5
938200;BOT_TAKER;SUBMISSION;TOMATOES;XIRECS;5037.0;3
939000;SUBMISSION;BOT_TAKER;TOMATOES;XIRECS;5026.0;3
939400;SUBMISSION;BOT_TAKER;TOMATOES;XIRECS;5027.0;3
940000;BOT_TAKER;SUBMISSION;EMERALDS;XIRECS;10007.0;7
940100;SUBMISSION;BOT_TAKER;EMERALDS;XIRECS;9993.0;6
940100;BOT_TAKER;SUBMISSION;TOMATOES;XIRECS;5040.0;4
940700;BOT_TAKER;SUBMISSION;EMERALDS;XIRECS;10007.0;6
941900;SUBMISSION;BOT;EMERALDS;XIRECS;10000.0;9
942100;BOT_TAKER;SUBMISSION;EMERALDS;XIRECS;10007.0;7
943500;SUBMISSION;BOT;EMERALDS;XIRECS;10000.0;9
943900;SUBMISSION;BOT;EMERALDS;XIRECS;10000.0;7
944600;BOT_TAKER;SUBMISSION;TOMATOES;XIRECS;5037.0;5
946700;SUBMISSION;BOT;TOMATOES;XIRECS;5032.0;6
947100;BOT_MAKER;BOT_TAKER;TOMATOES;XIRECS;5028.0;3
947600;BOT;SUBMISSION;TOMATOES;XIRECS;5036.0;6
948800;BOT;SUBMISSION;EMERALDS;XIRECS;10000.0;7
950400;SUBMISSION;BOT;TOMATOES;XIRECS;5032.0;8
951200;BOT;SUBMISSION;EMERALDS;XIRECS;10000.0;10
951600;SUBMISSION;BOT;EMERALDS;XIRECS;10000.0;7
951700;BOT_TAKER;SUBMISSION;EMERALDS;XIRECS;10007.0;3
952000;BOT_MAKER;BOT_TAKER;TOMATOES;XIRECS;5028.0;4
953000;BOT_TAKER;SUBMISSION;TOMATOES;XIRECS;5038.0;3
953500;BOT_TAKER;SUBMISSION;TOMATOES;XIRECS;5038.0;2
953800;BOT_TAKER;SUBMISSION;TOMATOES;XIRECS;5039.0;4
954500;BOT;SUBMISSION;EMERALDS;XIRECS;10000.0;9
954800;BOT_TAKER;BOT_MAKER;TOMATOES;XIRECS;5040.0;4
956600;SUBMISSION;BOT;EMERALDS;XIRECS;10000.0;5
956600;BOT_TAKER;SUBMISSION;TOMATOES;XIRECS;5043.0;2
956700;SUBMISSION;BOT_TAKER;TOMATOES;XIRECS;5032.0;2
959000;BOT_TAKER;SUBMISSION;TOMATOES;XIRECS;5045.0;4
959800;SUBMISSION;BOT;TOMATOES;XIRECS;5038.0;2
960600;BOT;SUBMISSION;EMERALDS;XIRECS;10000.0;9
962600;BOT_TAKER;BOT_MAKER;TOMATOES;XIRECS;5046.0;3
964300;BOT_TAKER;BOT_MAKER;TOMATOES;XIRECS;5049.0;2
964500;SUBMISSION;BOT_TAKER;TOMATOES;XIRECS;5037.0;3
965000;SUBMISSION;BOT_TAKER;TOMATOES;XIRECS;5036.0;2
966000;SUBMISSION;BOT;TOMATOES;XIRECS;5041.0;5
966800;BOT;SUBMISSION;EMERALDS;XIRECS;10000.0;8
967100;SUBMISSION;BOT_TAKER;EMERALDS;XIRECS;9993.0;7
967600;SUBMISSION;BOT;EMERALDS;XIRECS;10000.0;6
967700;SUBMISSION;BOT;EMERALDS;XIRECS;10000.0;5
970400;SUBMISSION;BOT_TAKER;EMERALDS;XIRECS;9993.0;4
970500;SUBMISSION;BOT;EMERALDS;XIRECS;10000.0;8
970700;BOT_TAKER;SUBMISSION;EMERALDS;XIRECS;10007.0;7
970900;SUBMISSION;BOT_TAKER;EMERALDS;XIRECS;9993.0;5
971500;BOT_TAKER;SUBMISSION;TOMATOES;XIRECS;5044.0;5
972600;BOT_TAKER;SUBMISSION;EMERALDS;XIRECS;10007.0;4
973600;BOT;SUBMISSION;EMERALDS;XIRECS;10000.0;6
974000;BOT;SUBMISSION;EMERALDS;XIRECS;10000.0;9
976800;BOT_TAKER;SUBMISSION;EMERALDS;XIRECS;10007.0;7
976900;SUBMISSION;BOT_TAKER;TOMATOES;XIRECS;5032.0;5
978300;BOT_TAKER;SUBMISSION;EMERALDS;XIRECS;10007.0;8
979400;SUBMISSION;BOT_TAKER;TOMATOES;XIRECS;5030.0;3
982000;BOT_TAKER;SUBMISSION;EMERALDS;XIRECS;10007.0;8
986100;BOT_MAKER;BOT_TAKER;TOMATOES;XIRECS;5022.0;2
989600;SUBMISSION;BOT_TAKER;TOMATOES;XIRECS;5027.0;3
989700;BOT_MAKER;BOT_TAKER;TOMATOES;XIRECS;5026.0;2
989800;BOT_TAKER;SUBMISSION;EMERALDS;XIRECS;10007.0;7
990900;BOT;SUBMISSION;EMERALDS;XIRECS;10000.0;10
990900;BOT_MAKER;BOT_TAKER;TOMATOES;XIRECS;5027.0;4
991300;BOT_MAKER;BOT_TAKER;TOMATOES;XIRECS;5028.0;5
991500;BOT_MAKER;BOT_TAKER;TOMATOES;XIRECS;5029.0;2
991700;BOT_MAKER;BOT_TAKER;TOMATOES;XIRECS;5029.0;3
992100;BOT;SUBMISSION;EMERALDS;XIRECS;10000.0;10
995000;SUBMISSION;BOT;EMERALDS;XIRECS;10000.0;10
996000;BOT;SUBMISSION;EMERALDS;XIRECS;10000.0;10
997000;SUBMISSION;BOT_TAKER;EMERALDS;XIRECS;9993.0;5
997700;SUBMISSION;BOT_TAKER;EMERALDS;XIRECS;9993.0;5
999300;SUBMISSION;BOT;EMERALDS;XIRECS;10000.0;7
