timestamp;buyer;seller;symbol;currency;price;quantity
700;BOT_TAKER;SUBMISSION;TOMATOES;XIRECS;5010.0;3
2200;SUBMISSION;BOT_TAKER;TOMATOES;XIRECS;4999.0;3
6600;SUBMISSION;BOT_TAKER;TOMATOES;XIRECS;4998.0;2
9200;BOT_TAKER;SUBMISSION;TOMATOES;XIRECS;5011.0;5
9300;SUBMISSION;BOT;EMERALDS;XIRECS;10000.0;10
10100;BOT_TAKER;SUBMISSION;EMERALDS;XIRECS;10007.0;8
10100;SUBMISSION;BOT_TAKER;TOMATOES;XIRECS;5000.0;3
10400;SUBMISSION;BOT_TAKER;TOMATOES;XIRECS;5000.0;2
14600;SUBMISSION;BOT;EMERALDS;XIRECS;10000.0;5
16400;SUBMISSION;BOT_TAKER;TOMATOES;XIRECS;4996.0;3
16700;BOT_TAKER;SUBMISSION;TOMATOES;XIRECS;5009.0;2
17600;BOT_TAKER;SUBMISSION;TOMATOES;XIRECS;5011.0;5
17800;SUBMISSION;BOT_TAKER;EMERALDS;XIRECS;9993.0;6
19800;BOT;SUBMISSION;EMERALDS;XIRECS;10000.0;7
21600;SUBMISSION;BOT_TAKER;EMERALDS;XIRECS;9993.0;7
22800;SUBMISSION;BOT_TAKER;TOMATOES;XIRECS;4999.0;3
23100;BOT_TAKER;SUBMISSION;EMERALDS;XIRECS;10007.0;4
23500;SUBMISSION;BOT_TAKER;TOMATOES;XIRECS;4998.0;3
26700;BOT;SUBMISSION;TOMATOES;XIRECS;5006.0;9
27200;SUBMISSION;BOT;EMERALDS;XIRECS;10000.0;5
27500;SUBMISSION;BOT_TAKER;TOMATOES;XIRECS;4998.0;3
27800;SUBMISSION;BOT_TAKER;TOMATOES;XIRECS;4999.0;2
28100;BOT;SUBMISSION;EMERALDS;XIRECS;10000.0;9
28100;BOT_TAKER;SUBMISSION;EMERALDS;XIRECS;10007.0;7
28100;BOT_TAKER;SUBMISSION;TOMATOES;XIRECS;5009.0;2
28700;SUBMISSION;BOT;EMERALDS;XIRECS;10000.0;5
29200;BOT_TAKER;SUBMISSION;EMERALDS;XIRECS;10007.0;8
32300;BOT_TAKER;SUBMISSION;EMERALDS;XIRECS;10007.0;7
32600;BOT_TAKER;BOT_MAKER;TOMATOES;XIRECS;5009.0;2
33400;SUBMISSION;BOT;TOMATOES;XIRECS;5002.0;10
34000;SUBMISSION;BOT;EMERALDS;XIRECS;10000.0;6
34300;BOT;SUBMISSION;EMERALDS;XIRECS;10000.0;6
34500;BOT;SUBMISSION;TOMATOES;XIRECS;5001.0;5
35000;BOT_TAKER;SUBMISSION;EMERALDS;XIRECS;10007.0;5
35400;SUBMISSION;BOT;EMERALDS;XIRECS;10000.0;8
36400;BOT_TAKER;SUBMISSION;TOMATOES;XIRECS;5008.0;3
37400;SUBMISSION;BOT_TAKER;EMERALDS;XIRECS;9993.0;5
41000;BOT;SUBMISSION;EMERALDS;XIRECS;10000.0;6
42900;BOT;SUBMISSION;EMERALDS;XIRECS;10000.0;5
44600;SUBMISSION;BOT_TAKER;EMERALDS;XIRECS;9993.0;6
46600;BOT_TAKER;SUBMISSION;TOMATOES;XIRECS;5013.0;3
46900;BOT;SUBMISSION;EMERALDS;XIRECS;10000.0;6
48600;BOT_TAKER;SUBMISSION;TOMATOES;XIRECS;5011.0;2
49700;BOT_TAKER;BOT_MAKER;TOMATOES;XIRECS;5008.0;4
49700;BOT_TAKER;SUBMISSION;TOMATOES;XIRECS;5012.0;1
50000;SUBMISSION;BOT_TAKER;EMERALDS;XIRECS;9993.0;7
50300;BOT_TAKER;SUBMISSION;TOMATOES;XIRECS;5014.0;4
50700;BOT_TAKER;BOT_MAKER;TOMATOES;XIRECS;5016.0;3
51000;SUBMISSION;BOT_TAKER;TOMATOES;XIRECS;5004.0;5
51200;BOT_TAKER;SUBMISSION;EMERALDS;XIRECS;10007.0;5
52900;SUBMISSION;BOT_TAKER;EMERALDS;XIRECS;9993.0;7
54400;SUBMISSION;BOT;TOMATOES;XIRECS;5011.0;3
55400;SUBMISSION;BOT_TAKER;EMERALDS;XIRECS;9993.0;6
55900;BOT;SUBMISSION;EMERALDS;XIRECS;10000.0;6
58700;BOT_TAKER;SUBMISSION;TOMATOES;XIRECS;5012.0;4
58800;SUBMISSION;BOT;EMERALDS;XIRECS;10000.0;10
58800;BOT_TAKER;SUBMISSION;EMERALDS;XIRECS;10001.0;8
59400;BOT_TAKER;BOT_MAKER;TOMATOES;XIRECS;5013.0;5
60400;SUBMISSION;BOT;EMERALDS;XIRECS;10000.0;10
62200;SUBMISSION;BOT;TOMATOES;XIRECS;5005.0;6
63500;BOT;SUBMISSION;EMERALDS;XIRECS;10000.0;10
64400;BOT_TAKER;SUBMISSION;TOMATOES;XIRECS;5011.0;4
65600;SUBMISSION;BOT;EMERALDS;XIRECS;10000.0;10
67200;SUBMISSION;BOT;TOMATOES;XIRECS;5006.0;3
67700;BOT_TAKER;SUBMISSION;EMERALDS;XIRECS;10007.0;7
67800;SUBMISSION;BOT_TAKER;TOMATOES;XIRECS;4999.0;5
68100;BOT;SUBMISSION;EMERALDS;XIRECS;10000.0;9
69700;SUBMISSION;BOT;EMERALDS;XIRECS;10000.0;9
69800;BOT_TAKER;SUBMISSION;TOMATOES;XIRECS;5009.0;2
70300;SUBMISSION;BOT_TAKER;TOMATOES;XIRECS;4999.0;4
70400;SUBMISSION;BOT;EMERALDS;XIRECS;10000.0;9
72000;BOT;SUBMISSION;EMERALDS;XIRECS;10000.0;9
73500;SUBMISSION;BOT;EMERALDS;XIRECS;10000.0;9
74800;BOT_TAKER;SUBMISSION;EMERALDS;XIRECS;10007.0;6
75400;SUBMISSION;BOT_TAKER;EMERALDS;XIRECS;9993.0;7
75700;SUBMISSION;BOT_TAKER;TOMATOES;XIRECS;4998.0;3
75800;BOT;SUBMISSION;TOMATOES;XIRECS;5004.0;8
76000;SUBMISSION;BOT_TAKER;TOMATOES;XIRECS;4998.0;5
76200;SUBMISSION;BOT;EMERALDS;XIRECS;10000.0;9
77500;BOT;SUBMISSION;TOMATOES;XIRECS;5004.0;3
78900;SUBMISSION;BOT_TAKER;EMERALDS;XIRECS;9993.0;7
79300;BOT;SUBMISSION;EMERALDS;XIRECS;10000.0;8
80000;BOT_TAKER;SUBMISSION;TOMATOES;XIRECS;5013.0;4
81900;BOT;SUBMISSION;EMERALDS;XIRECS;10000.0;6
82400;SUBMISSION;BOT_TAKER;TOMATOES;XIRECS;5000.0;3
82500;SUBMISSION;BOT;EMERALDS;XIRECS;10000.0;10
82800;BOT_TAKER;SUBMISSION;TOMATOES;XIRECS;5012.0;3
83300;BOT_TAKER;SUBMISSION;TOMATOES;XIRECS;5014.0;6
83900;SUBMISSION;BOT;EMERALDS;XIRECS;10000.0;5
84200;SUBMISSION;BOT;TOMATOES;XIRECS;5007.0;4
85000;SUBMISSION;BOT_TAKER;TOMATOES;XIRECS;5004.0;3
85300;SUBMISSION;BOT_TAKER;TOMATOES;XIRECS;5004.0;3
87000;BOT;SUBMISSION;EMERALDS;XIRECS;10000.0;8
87500;SUBMISSION;BOT_TAKER;TOMATOES;XIRECS;5007.0;2
90100;BOT_TAKER;SUBMISSION;EMERALDS;XIRECS;10007.0;4
90500;BOT_TAKER;SUBMISSION;TOMATOES;XIRECS;5020.0;5
90700;BOT_TAKER;SUBMISSION;EMERALDS;XIRECS;10007.0;3
91200;SUBMISSION;BOT_TAKER;TOMATOES;XIRECS;5006.0;3
94700;BOT;SUBMISSION;EMERALDS;XIRECS;10000.0;10
96700;SUBMISSION;BOT_TAKER;TOMATOES;XIRECS;5004.0;5
97100;SUBMISSION;BOT;EMERALDS;XIRECS;10000.0;9
99900;SUBMISSION;BOT;EMERALDS;XIRECS;10000.0;9
100100;BOT;SUBMISSION;TOMATOES;XIRECS;5011.0;4
100600;SUBMISSION;BOT_TAKER;EMERALDS;XIRECS;9993.0;8
100900;BOT;SUBMISSION;EMERALDS;XIRECS;10000.0;9
101400;SUBMISSION;BOT_TAKER;TOMATOES;XIRECS;5007.0;3
101500;BOT_MAKER;BOT_TAKER;TOMATOES;XIRECS;5006.0;5
102600;BOT;SUBMISSION;TOMATOES;XIRECS;5014.0;11
104300;BOT_TAKER;SUBMISSION;EMERALDS;XIRECS;10007.0;8
104900;SUBMISSION;BOT_TAKER;TOMATOES;XIRECS;5003.0;2
107400;BOT;SUBMISSION;EMERALDS;XIRECS;10000.0;9
107800;SUBMISSION;BOT;TOMATOES;XIRECS;5008.0;5
108400;BOT_TAKER;SUBMISSION;TOMATOES;XIRECS;5015.0;2
108500;BOT;SUBMISSION;EMERALDS;XIRECS;10000.0;10
108800;SUBMISSION;BOT_TAKER;TOMATOES;XIRECS;5002.0;5
109000;BOT_MAKER;BOT_TAKER;TOMATOES;XIRECS;5002.0;3
109700;BOT_TAKER;SUBMISSION;EMERALDS;XIRECS;10007.0;5
111800;SUBMISSION;BOT_TAKER;EMERALDS;XIRECS;9993.0;5
111800;BOT_TAKER;SUBMISSION;TOMATOES;XIRECS;5016.0;3
112900;BOT;SUBMISSION;EMERALDS;XIRECS;10000.0;7
113000;SUBMISSION;BOT_TAKER;TOMATOES;XIRECS;5004.0;2
113800;SUBMISSION;BOT;EMERALDS;XIRECS;10000.0;10
114800;BOT_TAKER;SUBMISSION;TOMATOES;XIRECS;5017.0;3
115900;SUBMISSION;BOT;EMERALDS;XIRECS;10000.0;5
117100;SUBMISSION;BOT_TAKER;EMERALDS;XIRECS;9993.0;6
117300;BOT;SUBMISSION;EMERALDS;XIRECS;10000.0;5
118300;BOT_MAKER;BOT_TAKER;TOMATOES;XIRECS;5008.0;4
119400;BOT_TAKER;SUBMISSION;TOMATOES;XIRECS;5013.0;2
119500;BOT_TAKER;SUBMISSION;TOMATOES;XIRECS;5013.0;5
120700;SUBMISSION;BOT;TOMATOES;XIRECS;5009.0;3
122400;BOT_TAKER;SUBMISSION;EMERALDS;XIRECS;10007.0;8
124900;SUBMISSION;BOT_TAKER;TOMATOES;XIRECS;5004.0;5
125400;BOT;SUBMISSION;TOMATOES;XIRECS;5011.0;5
125700;SUBMISSION;BOT_TAKER;TOMATOES;XIRECS;5004.0;4
127800;SUBMISSION;BOT_TAKER;EMERALDS;XIRECS;9993.0;6
128400;SUBMISSION;BOT_TAKER;EMERALDS;XIRECS;9993.0;8
129800;BOT_TAKER;SUBMISSION;TOMATOES;XIRECS;5014.0;2
131200;SUBMISSION;BOT;EMERALDS;XIRECS;10000.0;8
132000;BOT_TAKER;SUBMISSION;TOMATOES;XIRECS;5012.0;4
132400;BOT_TAKER;SUBMISSION;TOMATOES;XIRECS;5013.0;2
132700;SUBMISSION;BOT;EMERALDS;XIRECS;10000.0;5
134400;SUBMISSION;BOT_TAKER;TOMATOES;XIRECS;5004.0;4
135600;SUBMISSION;BOT_TAKER;TOMATOES;XIRECS;5006.0;2
139100;SUBMISSION;BOT;EMERALDS;XIRECS;10000.0;10
142800;BOT_TAKER;SUBMISSION;EMERALDS;XIRECS;10007.0;6
143900;BOT_TAKER;SUBMISSION;TOMATOES;XIRECS;5015.0;5
145400;BOT_TAKER;BOT_MAKER;TOMATOES;XIRECS;5018.0;4
147100;SUBMISSION;BOT;TOMATOES;XIRECS;5009.0;9
147700;SUBMISSION;BOT;EMERALDS;XIRECS;10000.0;7
148200;BOT_TAKER;SUBMISSION;EMERALDS;XIRECS;10007.0;5
149700;SUBMISSION;BOT_TAKER;EMERALDS;XIRECS;9993.0;6
151400;SUBMISSION;BOT_TAKER;EMERALDS;XIRECS;9993.0;6
152000;BOT_TAKER;SUBMISSION;EMERALDS;XIRECS;10007.0;5
152800;SUBMISSION;BOT_TAKER;EMERALDS;XIRECS;9993.0;6
153600;BOT_TAKER;SUBMISSION;EMERALDS;XIRECS;10007.0;3
153800;BOT_TAKER;SUBMISSION;TOMATOES;XIRECS;5010.0;3
154400;SUBMISSION;BOT;EMERALDS;XIRECS;10000.0;7
155000;BOT_TAKER;SUBMISSION;TOMATOES;XIRECS;5011.0;3
155300;SUBMISSION;BOT_TAKER;EMERALDS;XIRECS;9993.0;8
155500;BOT;SUBMISSION;EMERALDS;XIRECS;10000.0;9
155900;BOT;SUBMISSION;EMERALDS;XIRECS;10000.0;7
156400;BOT_TAKER;SUBMISSION;TOMATOES;XIRECS;5012.0;5
156500;SUBMISSION;BOT_TAKER;TOMATOES;XIRECS;5001.0;5
156800;BOT;SUBMISSION;EMERALDS;XIRECS;10000.0;5
158300;SUBMISSION;BOT;EMERALDS;XIRECS;10000.0;9
158500;SUBMISSION;BOT;EMERALDS;XIRECS;10000.0;8
159500;BOT_TAKER;SUBMISSION;TOMATOES;XIRECS;5013.0;5
161100;SUBMISSION;BOT;TOMATOES;XIRECS;5007.0;6
162400;BOT_TAKER;SUBMISSION;EMERALDS;XIRECS;10007.0;4
162900;BOT;SUBMISSION;EMERALDS;XIRECS;10000.0;10
163500;BOT;SUBMISSION;EMERALDS;XIRECS;10000.0;8
165300;SUBMISSION;BOT_TAKER;EMERALDS;XIRECS;9993.0;6
165400;SUBMISSION;BOT;EMERALDS;XIRECS;10000.0;5
166400;BOT_TAKER;SUBMISSION;EMERALDS;XIRECS;10007.0;6
166800;BOT_TAKER;SUBMISSION;TOMATOES;XIRECS;5015.0;5
168100;SUBMISSION;BOT_TAKER;TOMATOES;XIRECS;5002.0;3
169500;SUBMISSION;BOT;TOMATOES;XIRECS;5007.0;5
169700;BOT;SUBMISSION;EMERALDS;XIRECS;10000.0;6
170700;BOT_TAKER;SUBMISSION;TOMATOES;XIRECS;5012.0;4
173200;SUBMISSION;BOT;EMERALDS;XIRECS;10000.0;5
173500;BOT;SUBMISSION;EMERALDS;XIRECS;10000.0;10
173800;SUBMISSION;BOT;TOMATOES;XIRECS;5006.0;2
173900;SUBMISSION;BOT;EMERALDS;XIRECS;10000.0;9
174600;SUBMISSION;BOT;EMERALDS;XIRECS;10000.0;9
175000;BOT_TAKER;SUBMISSION;EMERALDS;XIRECS;10007.0;8
182800;BOT;SUBMISSION;EMERALDS;XIRECS;10000.0;6
183300;SUBMISSION;BOT;EMERALDS;XIRECS;10000.0;9
183500;BOT_TAKER;SUBMISSION;TOMATOES;XIRECS;5008.0;4
186100;SUBMISSION;BOT_TAKER;EMERALDS;XIRECS;9993.0;8
186400;SUBMISSION;BOT_TAKER;TOMATOES;XIRECS;4995.0;3
186600;BOT_TAKER;SUBMISSION;TOMATOES;XIRECS;5006.0;4
187600;SUBMISSION;BOT;TOMATOES;XIRECS;5002.0;6
188400;BOT_TAKER;SUBMISSION;EMERALDS;XIRECS;10007.0;4
188900;BOT;SUBMISSION;EMERALDS;XIRECS;10000.0;6
190100;SUBMISSION;BOT_TAKER;TOMATOES;XIRECS;4992.0;2
190200;BOT_MAKER;BOT_TAKER;TOMATOES;XIRECS;4990.0;3
190800;BOT;SUBMISSION;EMERALDS;XIRECS;10000.0;8
191000;BOT_TAKER;SUBMISSION;TOMATOES;XIRECS;5004.0;2
192800;SUBMISSION;BOT_TAKER;EMERALDS;XIRECS;9993.0;7
192800;SUBMISSION;BOT_TAKER;TOMATOES;XIRECS;4995.0;5
193200;BOT;SUBMISSION;TOMATOES;XIRECS;5000.0;5
194800;BOT_MAKER;BOT_TAKER;TOMATOES;XIRECS;5000.0;2
195200;BOT_TAKER;SUBMISSION;TOMATOES;XIRECS;5008.0;4
197200;SUBMISSION;BOT_TAKER;TOMATOES;XIRECS;4992.0;2
198800;BOT_TAKER;SUBMISSION;TOMATOES;XIRECS;5006.0;5
200000;SUBMISSION;BOT;EMERALDS;XIRECS;10000.0;7
200200;SUBMISSION;BOT_TAKER;EMERALDS;XIRECS;9993.0;4
200700;SUBMISSION;BOT;TOMATOES;XIRECS;5001.0;3
201300;SUBMISSION;BOT;EMERALDS;XIRECS;10000.0;5
202200;BOT_TAKER;SUBMISSION;EMERALDS;XIRECS;10007.0;7
203200;SUBMISSION;BOT;TOMATOES;XIRECS;5000.0;12
203200;SUBMISSION;BOT_TAKER;TOMATOES;XIRECS;4996.0;2
204300;BOT;SUBMISSION;TOMATOES;XIRECS;4998.0;5
204400;BOT_TAKER;SUBMISSION;EMERALDS;XIRECS;10007.0;4
204700;BOT_MAKER;BOT_TAKER;TOMATOES;XIRECS;4994.0;2
204800;SUBMISSION;BOT_TAKER;EMERALDS;XIRECS;9993.0;6
205100;BOT;SUBMISSION;TOMATOES;XIRECS;5002.0;4
205400;SUBMISSION;BOT_TAKER;EMERALDS;XIRECS;9993.0;5
205400;BOT_TAKER;SUBMISSION;TOMATOES;XIRECS;5008.0;5
205500;SUBMISSION;BOT;EMERALDS;XIRECS;10000.0;9
209000;SUBMISSION;BOT;TOMATOES;XIRECS;5003.0;5
210300;BOT_TAKER;SUBMISSION;EMERALDS;XIRECS;10007.0;3
211000;BOT_TAKER;SUBMISSION;TOMATOES;XIRECS;5012.0;4
216000;BOT;SUBMISSION;EMERALDS;XIRECS;10000.0;7
217600;SUBMISSION;BOT;EMERALDS;XIRECS;10000.0;7
218800;SUBMISSION;BOT_TAKER;TOMATOES;XIRECS;5010.0;5
219000;SUBMISSION;BOT_TAKER;TOMATOES;XIRECS;5009.0;3
219600;BOT;SUBMISSION;EMERALDS;XIRECS;10000.0;6
221100;SUBMISSION;BOT_TAKER;EMERALDS;XIRECS;9993.0;4
222900;SUBMISSION;BOT_TAKER;EMERALDS;XIRECS;9993.0;8
224500;SUBMISSION;BOT_TAKER;EMERALDS;XIRECS;9993.0;7
225200;BOT;SUBMISSION;TOMATOES;XIRECS;5014.0;9
225900;BOT_TAKER;SUBMISSION;EMERALDS;XIRECS;10007.0;5
226300;BOT;SUBMISSION;EMERALDS;XIRECS;10000.0;9
226900;SUBMISSION;BOT_TAKER;TOMATOES;XIRECS;5008.0;5
229200;SUBMISSION;BOT;EMERALDS;XIRECS;10000.0;7
229400;BOT_MAKER;BOT_TAKER;TOMATOES;XIRECS;5007.0;3
229500;SUBMISSION;BOT_TAKER;EMERALDS;XIRECS;9993.0;8
233500;BOT_TAKER;SUBMISSION;TOMATOES;XIRECS;5019.0;2
235200;BOT_TAKER;SUBMISSION;TOMATOES;XIRECS;5018.0;5
235700;SUBMISSION;BOT_TAKER;TOMATOES;XIRECS;5006.0;2
236100;BOT_TAKER;SUBMISSION;EMERALDS;XIRECS;10007.0;6
237800;BOT_TAKER;SUBMISSION;TOMATOES;XIRECS;5013.0;4
238200;BOT;SUBMISSION;EMERALDS;XIRECS;10000.0;5
238700;SUBMISSION;BOT;TOMATOES;XIRECS;5009.0;3
239400;BOT;SUBMISSION;EMERALDS;XIRECS;10000.0;5
239800;SUBMISSION;BOT;EMERALDS;XIRECS;10000.0;7
240100;SUBMISSION;BOT_TAKER;EMERALDS;XIRECS;9993.0;3
240400;SUBMISSION;BOT_TAKER;TOMATOES;XIRECS;5002.0;5
241300;BOT_TAKER;SUBMISSION;TOMATOES;XIRECS;5012.0;2
242300;SUBMISSION;BOT_TAKER;EMERALDS;XIRECS;9993.0;8
243800;BOT;SUBMISSION;EMERALDS;XIRECS;10000.0;5
243900;BOT_TAKER;SUBMISSION;TOMATOES;XIRECS;5010.0;2
244500;BOT_TAKER;BOT_MAKER;TOMATOES;XIRECS;5010.0;2
244900;BOT_TAKER;BOT_MAKER;TOMATOES;XIRECS;5008.0;5
245200;SUBMISSION;BOT_TAKER;EMERALDS;XIRECS;9993.0;6
245400;BOT_TAKER;SUBMISSION;EMERALDS;XIRECS;10007.0;5
245600;BOT_TAKER;SUBMISSION;EMERALDS;XIRECS;10007.0;3
248300;SUBMISSION;BOT;TOMATOES;XIRECS;4997.0;12
248500;BOT_MAKER;BOT_TAKER;TOMATOES;XIRECS;4992.0;3
248600;BOT;SUBMISSION;EMERALDS;XIRECS;10000.0;7
249400;BOT;SUBMISSION;EMERALDS;XIRECS;10000.0;7
250200;BOT_MAKER;BOT_TAKER;TOMATOES;XIRECS;4992.0;2
250300;BOT;SUBMISSION;TOMATOES;XIRECS;4997.0;5
251300;BOT_TAKER;SUBMISSION;EMERALDS;XIRECS;10007.0;7
252500;SUBMISSION;BOT;EMERALDS;XIRECS;10000.0;7
253000;SUBMISSION;BOT_TAKER;TOMATOES;XIRECS;4992.0;4
253900;BOT;SUBMISSION;TOMATOES;XIRECS;4995.0;3
255600;BOT_TAKER;SUBMISSION;TOMATOES;XIRECS;5004.0;3
256600;BOT;SUBMISSION;TOMATOES;XIRECS;5003.0;9
256900;SUBMISSION;BOT_TAKER;TOMATOES;XIRECS;4997.0;3
257100;SUBMISSION;BOT;TOMATOES;XIRECS;5001.0;10
257600;SUBMISSION;BOT_TAKER;EMERALDS;XIRECS;9993.0;3
257600;BOT_TAKER;SUBMISSION;TOMATOES;XIRECS;5008.0;5
258400;BOT_TAKER;SUBMISSION;TOMATOES;XIRECS;5009.0;5
260600;BOT_TAKER;SUBMISSION;TOMATOES;XIRECS;5011.0;5
261000;SUBMISSION;BOT_TAKER;EMERALDS;XIRECS;9993.0;6
261600;SUBMISSION;BOT;TOMATOES;XIRECS;5004.0;6
261800;BOT_TAKER;SUBMISSION;TOMATOES;XIRECS;5009.0;5
264400;SUBMISSION;BOT;EMERALDS;XIRECS;10000.0;7
265400;SUBMISSION;BOT;TOMATOES;XIRECS;5004.0;6
265500;SUBMISSION;BOT_TAKER;TOMATOES;XIRECS;4996.0;3
266600;SUBMISSION;BOT;EMERALDS;XIRECS;10000.0;8
266600;SUBMISSION;BOT_TAKER;TOMATOES;XIRECS;4997.0;5
266900;BOT_MAKER;BOT_TAKER;TOMATOES;XIRECS;4995.0;5
268300;SUBMISSION;BOT;EMERALDS;XIRECS;10000.0;6
268300;BOT_MAKER;BOT_TAKER;TOMATOES;XIRECS;4997.0;3
268600;BOT;SUBMISSION;TOMATOES;XIRECS;5002.0;3
269300;BOT_MAKER;BOT_TAKER;TOMATOES;XIRECS;4998.0;2
270200;SUBMISSION;BOT;EMERALDS;XIRECS;10000.0;5
273900;SUBMISSION;BOT_TAKER;TOMATOES;XIRECS;5000.0;3
278300;BOT_MAKER;BOT_TAKER;EMERALDS;XIRECS;9992.0;3
280000;BOT;SUBMISSION;EMERALDS;XIRECS;10000.0;6
280700;SUBMISSION;BOT_TAKER;EMERALDS;XIRECS;9993.0;6
280700;BOT_MAKER;BOT_TAKER;EMERALDS;XIRECS;9992.0;1
282100;BOT_TAKER;BOT_MAKER;EMERALDS;XIRECS;10000.0;6
282100;BOT_TAKER;SUBMISSION;EMERALDS;XIRECS;10000.0;1
282100;BOT_MAKER;BOT_TAKER;TOMATOES;XIRECS;4996.0;2
282600;BOT;SUBMISSION;TOMATOES;XIRECS;5002.0;2
282900;SUBMISSION;BOT_TAKER;EMERALDS;XIRECS;9993.0;1
282900;BOT_MAKER;BOT_TAKER;EMERALDS;XIRECS;9992.0;5
284700;BOT_MAKER;BOT_TAKER;TOMATOES;XIRECS;4996.0;3
288400;BOT;SUBMISSION;TOMATOES;XIRECS;5004.0;5
289600;BOT_MAKER;BOT_TAKER;EMERALDS;XIRECS;9992.0;3
289900;BOT_MAKER;BOT_TAKER;EMERALDS;XIRECS;9992.0;4
290100;SUBMISSION;BOT_TAKER;TOMATOES;XIRECS;4999.0;2
291800;BOT_TAKER;SUBMISSION;TOMATOES;XIRECS;5009.0;4
292700;SUBMISSION;BOT_TAKER;TOMATOES;XIRECS;5000.0;5
293000;BOT;SUBMISSION;EMERALDS;XIRECS;10000.0;10
293300;SUBMISSION;BOT_TAKER;TOMATOES;XIRECS;4998.0;2
293400;BOT;SUBMISSION;EMERALDS;XIRECS;10000.0;6
293600;SUBMISSION;BOT_TAKER;EMERALDS;XIRECS;9993.0;6
293900;BOT;SUBMISSION;EMERALDS;XIRECS;10000.0;6
294200;SUBMISSION;BOT;EMERALDS;XIRECS;10000.0;9
294700;BOT;SUBMISSION;EMERALDS;XIRECS;10000.0;5
295000;BOT_MAKER;BOT_TAKER;TOMATOES;XIRECS;4998.0;4
295600;SUBMISSION;BOT_TAKER;TOMATOES;XIRECS;4997.0;4
296400;SUBMISSION;BOT;EMERALDS;XIRECS;10000.0;10
296600;BOT;SUBMISSION;TOMATOES;XIRECS;5003.0;6
297400;BOT;SUBMISSION;EMERALDS;XIRECS;10000.0;9
298300;SUBMISSION;BOT_TAKER;TOMATOES;XIRECS;4997.0;4
300500;BOT;SUBMISSION;EMERALDS;XIRECS;10000.0;8
301800;SUBMISSION;BOT;EMERALDS;XIRECS;10000.0;5
302500;BOT;SUBMISSION;EMERALDS;XIRECS;10000.0;8
303700;BOT;SUBMISSION;EMERALDS;XIRECS;10000.0;8
303800;BOT;SUBMISSION;EMERALDS;XIRECS;10000.0;5
303800;BOT_TAKER;SUBMISSION;TOMATOES;XIRECS;5004.0;4
305800;SUBMISSION;BOT_TAKER;TOMATOES;XIRECS;4991.0;5
306100;BOT;SUBMISSION;EMERALDS;XIRECS;10000.0;7
306700;BOT_MAKER;BOT_TAKER;TOMATOES;XIRECS;4992.0;3
307600;BOT;SUBMISSION;EMERALDS;XIRECS;10000.0;6
307900;BOT_MAKER;BOT_TAKER;TOMATOES;XIRECS;4991.0;3
309800;BOT;SUBMISSION;EMERALDS;XIRECS;10000.0;7
311800;SUBMISSION;BOT;EMERALDS;XIRECS;10000.0;8
313000;SUBMISSION;BOT;EMERALDS;XIRECS;10000.0;9
313200;BOT;SUBMISSION;TOMATOES;XIRECS;4999.0;6
313200;BOT_MAKER;BOT_TAKER;TOMATOES;XIRECS;4994.0;3
314500;SUBMISSION;BOT_TAKER;TOMATOES;XIRECS;4994.0;4
315200;BOT;SUBMISSION;EMERALDS;XIRECS;10000.0;8
315400;BOT_TAKER;SUBMISSION;EMERALDS;XIRECS;10007.0;5
316700;SUBMISSION;BOT;EMERALDS;XIRECS;10000.0;8
317100;BOT_MAKER;BOT_TAKER;TOMATOES;XIRECS;4995.0;3
317400;SUBMISSION;BOT_TAKER;EMERALDS;XIRECS;9993.0;3
318200;BOT_TAKER;SUBMISSION;TOMATOES;XIRECS;5007.0;3
319100;BOT;SUBMISSION;EMERALDS;XIRECS;10000.0;7
319300;BOT_TAKER;SUBMISSION;TOMATOES;XIRECS;5010.0;4
320000;BOT;SUBMISSION;EMERALDS;XIRECS;10000.0;5
320000;SUBMISSION;BOT_TAKER;TOMATOES;XIRECS;4998.0;3
320100;SUBMISSION;BOT;EMERALDS;XIRECS;10000.0;8
321200;SUBMISSION;BOT_TAKER;EMERALDS;XIRECS;9993.0;4
321800;BOT;SUBMISSION;EMERALDS;XIRECS;10000.0;8
322300;BOT;SUBMISSION;EMERALDS;XIRECS;10000.0;7
323900;BOT_TAKER;SUBMISSION;TOMATOES;XIRECS;5007.0;4
324200;SUBMISSION;BOT;EMERALDS;XIRECS;10000.0;9
325200;SUBMISSION;BOT;TOMATOES;XIRECS;4997.0;5
327300;SUBMISSION;BOT;EMERALDS;XIRECS;10000.0;8
327300;SUBMISSION;BOT_TAKER;TOMATOES;XIRECS;4992.0;5
327400;BOT_TAKER;SUBMISSION;TOMATOES;XIRECS;5003.0;3
328600;BOT;SUBMISSION;EMERALDS;XIRECS;10000.0;6
329200;SUBMISSION;BOT;EMERALDS;XIRECS;10000.0;9
329300;BOT_MAKER;BOT_TAKER;TOMATOES;XIRECS;4991.0;4
330400;BOT_TAKER;SUBMISSION;EMERALDS;XIRECS;10007.0;3
330600;BOT;SUBMISSION;TOMATOES;XIRECS;4999.0;7
332200;SUBMISSION;BOT_TAKER;TOMATOES;XIRECS;4996.0;5
333100;SUBMISSION;BOT_TAKER;TOMATOES;XIRECS;4997.0;3
333700;SUBMISSION;BOT;EMERALDS;XIRECS;10000.0;8
335300;BOT_TAKER;SUBMISSION;EMERALDS;XIRECS;10007.0;5
335400;BOT;SUBMISSION;EMERALDS;XIRECS;10000.0;9
335500;SUBMISSION;BOT_TAKER;TOMATOES;XIRECS;4995.0;5
335600;BOT;SUBMISSION;EMERALDS;XIRECS;10000.0;10
335600;BOT_MAKER;BOT_TAKER;TOMATOES;XIRECS;4995.0;5
336000;BOT;SUBMISSION;TOMATOES;XIRECS;4999.0;2
337300;BOT;SUBMISSION;TOMATOES;XIRECS;5000.0;8
338600;BOT;SUBMISSION;EMERALDS;XIRECS;10000.0;6
338900;SUBMISSION;BOT;TOMATOES;XIRECS;4996.0;8
339200;BOT_TAKER;SUBMISSION;TOMATOES;XIRECS;5005.0;2
340400;SUBMISSION;BOT;EMERALDS;XIRECS;10000.0;9
340600;BOT_TAKER;SUBMISSION;TOMATOES;XIRECS;5004.0;2
341100;BOT_MAKER;BOT_TAKER;TOMATOES;XIRECS;4991.0;5
341300;BOT_TAKER;SUBMISSION;EMERALDS;XIRECS;10007.0;5
341500;BOT_TAKER;SUBMISSION;TOMATOES;XIRECS;5005.0;2
343600;SUBMISSION;BOT_TAKER;TOMATOES;XIRECS;4996.0;5
343900;SUBMISSION;BOT_TAKER;TOMATOES;XIRECS;4995.0;3
345500;BOT;SUBMISSION;TOMATOES;XIRECS;4997.0;2
345800;BOT_TAKER;SUBMISSION;TOMATOES;XIRECS;5003.0;4
347000;BOT_MAKER;BOT_TAKER;TOMATOES;XIRECS;4993.0;2
347300;BOT;SUBMISSION;EMERALDS;XIRECS;10000.0;10
349000;SUBMISSION;BOT;EMERALDS;XIRECS;10000.0;5
351300;SUBMISSION;BOT;EMERALDS;XIRECS;10000.0;9
351300;BOT;SUBMISSION;TOMATOES;XIRECS;5009.0;5
351600;BOT_TAKER;SUBMISSION;TOMATOES;XIRECS;5014.0;4
353100;SUBMISSION;BOT_TAKER;TOMATOES;XIRECS;5001.0;4
356500;BOT;SUBMISSION;EMERALDS;XIRECS;10000.0;7
356600;BOT_TAKER;SUBMISSION;TOMATOES;XIRECS;5005.0;4
357100;SUBMISSION;BOT_TAKER;TOMATOES;XIRECS;4994.0;5
357500;SUBMISSION;BOT;EMERALDS;XIRECS;10000.0;7
357600;BOT_TAKER;SUBMISSION;TOMATOES;XIRECS;5005.0;4
360700;BOT;SUBMISSION;EMERALDS;XIRECS;10000.0;8
362900;SUBMISSION;BOT;TOMATOES;XIRECS;5003.0;4
364300;BOT;SUBMISSION;EMERALDS;XIRECS;10000.0;10
365900;SUBMISSION;BOT;EMERALDS;XIRECS;10000.0;7
368000;SUBMISSION;BOT_TAKER;TOMATOES;XIRECS;4996.0;3
369200;SUBMISSION;BOT_TAKER;EMERALDS;XIRECS;9993.0;6
369500;SUBMISSION;BOT_TAKER;TOMATOES;XIRECS;4995.0;3
369900;BOT;SUBMISSION;EMERALDS;XIRECS;10000.0;9
370600;BOT_TAKER;SUBMISSION;TOMATOES;XIRECS;5008.0;3
372100;BOT_TAKER;SUBMISSION;EMERALDS;XIRECS;10007.0;3
373000;BOT;SUBMISSION;EMERALDS;XIRECS;10000.0;9
374000;BOT;SUBMISSION;EMERALDS;XIRECS;10000.0;9
374600;BOT_TAKER;SUBMISSION;TOMATOES;XIRECS;5009.0;5
375000;BOT_TAKER;SUBMISSION;TOMATOES;XIRECS;5010.0;4
375900;BOT;SUBMISSION;EMERALDS;XIRECS;10000.0;7
376100;SUBMISSION;BOT;EMERALDS;XIRECS;10000.0;7
381200;BOT_TAKER;BOT_MAKER;TOMATOES;XIRECS;5006.0;5
381200;BOT_TAKER;SUBMISSION;TOMATOES;XIRECS;5007.0;1
382400;BOT_TAKER;SUBMISSION;EMERALDS;XIRECS;10007.0;3
382700;SUBMISSION;BOT_TAKER;TOMATOES;XIRECS;4993.0;5
384900;SUBMISSION;BOT_TAKER;TOMATOES;XIRECS;4990.0;5
387200;SUBMISSION;BOT;EMERALDS;XIRECS;10000.0;6
389300;BOT;SUBMISSION;EMERALDS;XIRECS;10000.0;5
389700;BOT_TAKER;SUBMISSION;TOMATOES;XIRECS;5000.0;4
390500;SUBMISSION;BOT_TAKER;TOMATOES;XIRECS;4989.0;4
390700;BOT_TAKER;SUBMISSION;TOMATOES;XIRECS;5002.0;2
391300;BOT_TAKER;SUBMISSION;TOMATOES;XIRECS;5002.0;3
391900;BOT_TAKER;SUBMISSION;EMERALDS;XIRECS;10007.0;5
392800;SUBMISSION;BOT;TOMATOES;XIRECS;4996.0;5
393300;SUBMISSION;BOT_TAKER;EMERALDS;XIRECS;9993.0;6
394200;SUBMISSION;BOT;EMERALDS;XIRECS;10000.0;7
396100;SUBMISSION;BOT_TAKER;TOMATOES;XIRECS;4994.0;4
396500;BOT;SUBMISSION;TOMATOES;XIRECS;5000.0;7
397500;BOT_TAKER;SUBMISSION;TOMATOES;XIRECS;5008.0;5
399300;SUBMISSION;BOT;TOMATOES;XIRECS;5002.0;8
399300;SUBMISSION;BOT_TAKER;TOMATOES;XIRECS;4998.0;4
399400;BOT;SUBMISSION;TOMATOES;XIRECS;5004.0;10
400700;BOT;SUBMISSION;EMERALDS;XIRECS;10000.0;9
400800;SUBMISSION;BOT_TAKER;EMERALDS;XIRECS;9993.0;6
401700;SUBMISSION;BOT;EMERALDS;XIRECS;10000.0;7
402300;SUBMISSION;BOT;EMERALDS;XIRECS;10000.0;8
402600;SUBMISSION;BOT;EMERALDS;XIRECS;10000.0;10
403300;SUBMISSION;BOT_TAKER;TOMATOES;XIRECS;4998.0;2
405100;SUBMISSION;BOT_TAKER;EMERALDS;XIRECS;9993.0;8
405900;BOT_TAKER;SUBMISSION;EMERALDS;XIRECS;10007.0;8
406000;BOT_TAKER;SUBMISSION;EMERALDS;XIRECS;10007.0;3
407400;SUBMISSION;BOT_TAKER;TOMATOES;XIRECS;5000.0;5
408200;SUBMISSION;BOT;EMERALDS;XIRECS;10000.0;9
408400;BOT_MAKER;BOT_TAKER;TOMATOES;XIRECS;5001.0;5
409300;SUBMISSION;BOT_TAKER;EMERALDS;XIRECS;9993.0;7
409600;BOT_MAKER;BOT_TAKER;TOMATOES;XIRECS;5003.0;5
409700;BOT_TAKER;SUBMISSION;EMERALDS;XIRECS;10007.0;5
411700;BOT_MAKER;BOT_TAKER;TOMATOES;XIRECS;5003.0;2
412000;SUBMISSION;BOT_TAKER;TOMATOES;XIRECS;5001.0;3
412400;BOT;SUBMISSION;TOMATOES;XIRECS;5007.0;2
415500;BOT;SUBMISSION;EMERALDS;XIRECS;10000.0;7
415800;BOT_TAKER;SUBMISSION;TOMATOES;XIRECS;5013.0;4
416700;SUBMISSION;BOT_TAKER;EMERALDS;XIRECS;9993.0;4
417600;BOT_TAKER;SUBMISSION;TOMATOES;XIRECS;5016.0;5
419800;SUBMISSION;BOT_TAKER;EMERALDS;XIRECS;9993.0;5
419800;BOT_TAKER;SUBMISSION;TOMATOES;XIRECS;5015.0;2
420000;SUBMISSION;BOT_TAKER;TOMATOES;XIRECS;5003.0;3
420300;BOT_TAKER;SUBMISSION;TOMATOES;XIRECS;5014.0;5
420800;SUBMISSION;BOT;TOMATOES;XIRECS;5007.0;6
425100;SUBMISSION;BOT_TAKER;EMERALDS;XIRECS;9993.0;5
427100;BOT_TAKER;SUBMISSION;TOMATOES;XIRECS;5011.0;2
427400;SUBMISSION;BOT;TOMATOES;XIRECS;5005.0;2
428100;BOT;SUBMISSION;EMERALDS;XIRECS;10000.0;5
429800;BOT;SUBMISSION;EMERALDS;XIRECS;10000.0;8
430600;BOT;SUBMISSION;EMERALDS;XIRECS;10000.0;8
431900;SUBMISSION;BOT_TAKER;TOMATOES;XIRECS;4994.0;3
432400;SUBMISSION;BOT;EMERALDS;XIRECS;10000.0;10
432700;BOT;SUBMISSION;EMERALDS;XIRECS;10000.0;7
435000;BOT_TAKER;SUBMISSION;TOMATOES;XIRECS;5007.0;2
435300;SUBMISSION;BOT_TAKER;EMERALDS;XIRECS;9993.0;6
436400;BOT;SUBMISSION;EMERALDS;XIRECS;10000.0;7
436700;SUBMISSION;BOT;EMERALDS;XIRECS;10000.0;5
437000;BOT;SUBMISSION;EMERALDS;XIRECS;10000.0;7
439200;SUBMISSION;BOT_TAKER;TOMATOES;XIRECS;4999.0;2
443900;BOT;SUBMISSION;EMERALDS;XIRECS;10000.0;8
445700;BOT_TAKER;SUBMISSION;EMERALDS;XIRECS;10007.0;8
449400;SUBMISSION;BOT_TAKER;EMERALDS;XIRECS;9993.0;5
449800;SUBMISSION;BOT;EMERALDS;XIRECS;10000.0;10
453500;SUBMISSION;BOT_TAKER;TOMATOES;XIRECS;4990.0;3
459500;BOT_TAKER;SUBMISSION;EMERALDS;XIRECS;10007.0;3
459500;SUBMISSION;BOT_TAKER;TOMATOES;XIRECS;4993.0;2
460600;BOT_TAKER;SUBMISSION;EMERALDS;XIRECS;10007.0;5
461000;BOT_TAKER;SUBMISSION;TOMATOES;XIRECS;5006.0;4
461300;SUBMISSION;BOT;EMERALDS;XIRECS;10000.0;8
461500;BOT_TAKER;SUBMISSION;TOMATOES;XIRECS;5005.0;5
462400;BOT_TAKER;BOT_MAKER;TOMATOES;XIRECS;5006.0;5
462900;SUBMISSION;BOT;TOMATOES;XIRECS;4996.0;12
463400;SUBMISSION;BOT;EMERALDS;XIRECS;10000.0;9
465300;SUBMISSION;BOT;EMERALDS;XIRECS;10000.0;9
466500;BOT;SUBMISSION;EMERALDS;XIRECS;10000.0;9
467000;BOT_TAKER;SUBMISSION;TOMATOES;XIRECS;5001.0;4
468500;BOT_MAKER;BOT_TAKER;TOMATOES;XIRECS;4991.0;2
468700;SUBMISSION;BOT;EMERALDS;XIRECS;10000.0;7
469100;BOT;SUBMISSION;EMERALDS;XIRECS;10000.0;8
469900;SUBMISSION;BOT_TAKER;EMERALDS;XIRECS;9993.0;5
470100;BOT_MAKER;BOT_TAKER;TOMATOES;XIRECS;4993.0;3
471000;BOT_TAKER;SUBMISSION;TOMATOES;XIRECS;5004.0;4
471400;BOT_TAKER;SUBMISSION;TOMATOES;XIRECS;5003.0;3
472500;SUBMISSION;BOT_TAKER;TOMATOES;XIRECS;4992.0;3
474000;BOT_TAKER;SUBMISSION;TOMATOES;XIRECS;5005.0;6
475300;SUBMISSION;BOT_TAKER;TOMATOES;XIRECS;4992.0;3
476800;SUBMISSION;BOT_TAKER;TOMATOES;XIRECS;4991.0;5
477300;SUBMISSION;BOT;EMERALDS;XIRECS;10000.0;6
478300;BOT_MAKER;BOT_TAKER;TOMATOES;XIRECS;4998.0;2
478300;SUBMISSION;BOT_TAKER;TOMATOES;XIRECS;4994.0;2
479400;BOT_TAKER;SUBMISSION;TOMATOES;XIRECS;5008.0;4
479800;BOT_TAKER;SUBMISSION;EMERALDS;XIRECS;10007.0;8
481600;SUBMISSION;BOT;EMERALDS;XIRECS;10000.0;8
483000;SUBMISSION;BOT_TAKER;TOMATOES;XIRECS;4992.0;2
484700;BOT_TAKER;SUBMISSION;TOMATOES;XIRECS;5001.0;3
487900;BOT_TAKER;SUBMISSION;TOMATOES;XIRECS;5002.0;2
488300;BOT_TAKER;SUBMISSION;TOMATOES;XIRECS;5003.0;4
489500;BOT;SUBMISSION;EMERALDS;XIRECS;10000.0;10
490300;SUBMISSION;BOT_TAKER;TOMATOES;XIRECS;4989.0;5
490700;SUBMISSION;BOT;EMERALDS;XIRECS;10000.0;10
491100;BOT;SUBMISSION;EMERALDS;XIRECS;10000.0;9
492800;BOT;SUBMISSION;EMERALDS;XIRECS;10000.0;8
492800;BOT_TAKER;BOT_MAKER;TOMATOES;XIRECS;4997.0;2
492800;BOT_TAKER;SUBMISSION;TOMATOES;XIRECS;5000.0;3
493500;SUBMISSION;BOT_TAKER;TOMATOES;XIRECS;4990.0;3
494500;SUBMISSION;BOT_TAKER;TOMATOES;XIRECS;4989.0;4
494700;SUBMISSION;BOT;EMERALDS;XIRECS;10000.0;10
495600;BOT_TAKER;SUBMISSION;EMERALDS;XIRECS;10007.0;3
496400;BOT_TAKER;SUBMISSION;EMERALDS;XIRECS;10007.0;5
497700;SUBMISSION;BOT_TAKER;EMERALDS;XIRECS;9993.0;4
497700;SUBMISSION;BOT_TAKER;TOMATOES;XIRECS;4992.0;2
499000;SUBMISSION;BOT_TAKER;EMERALDS;XIRECS;9993.0;6
500100;BOT;SUBMISSION;TOMATOES;XIRECS;4999.0;12
500600;BOT;SUBMISSION;EMERALDS;XIRECS;10000.0;8
501100;BOT_TAKER;BOT_MAKER;TOMATOES;XIRECS;5005.0;3
501800;SUBMISSION;BOT_TAKER;TOMATOES;XIRECS;4994.0;5
502000;BOT;SUBMISSION;EMERALDS;XIRECS;10000.0;9
502000;BOT_TAKER;SUBMISSION;TOMATOES;XIRECS;5005.0;4
503000;BOT_TAKER;SUBMISSION;EMERALDS;XIRECS;10007.0;6
503500;SUBMISSION;BOT_TAKER;EMERALDS;XIRECS;9993.0;6
506200;SUBMISSION;BOT_TAKER;EMERALDS;XIRECS;9993.0;7
508700;SUBMISSION;BOT;EMERALDS;XIRECS;10000.0;6
509000;SUBMISSION;BOT_TAKER;TOMATOES;XIRECS;4990.0;5
510600;SUBMISSION;BOT_TAKER;EMERALDS;XIRECS;9993.0;5
511100;SUBMISSION;BOT_TAKER;TOMATOES;XIRECS;4988.0;2
512200;SUBMISSION;BOT_TAKER;TOMATOES;XIRECS;4988.0;3
512800;SUBMISSION;BOT_TAKER;EMERALDS;XIRECS;9993.0;7
515400;SUBMISSION;BOT_TAKER;EMERALDS;XIRECS;9993.0;7
515500;BOT_TAKER;SUBMISSION;TOMATOES;XIRECS;5000.0;2
516000;BOT_TAKER;SUBMISSION;TOMATOES;XIRECS;5000.0;5
518700;BOT;SUBMISSION;EMERALDS;XIRECS;10000.0;5
519500;SUBMISSION;BOT;EMERALDS;XIRECS;10000.0;8
525500;BOT;SUBMISSION;EMERALDS;XIRECS;10000.0;8
527500;BOT_TAKER;BOT_MAKER;TOMATOES;XIRECS;4998.0;3
527600;BOT_MAKER;BOT_TAKER;TOMATOES;XIRECS;4990.0;5
528400;SUBMISSION;BOT_TAKER;TOMATOES;XIRECS;4986.0;4
529400;BOT;SUBMISSION;EMERALDS;XIRECS;10000.0;10
530900;SUBMISSION;BOT;EMERALDS;XIRECS;10000.0;5
531300;SUBMISSION;BOT;EMERALDS;XIRECS;10000.0;8
536400;SUBMISSION;BOT_TAKER;TOMATOES;XIRECS;4990.0;2
538200;BOT_TAKER;SUBMISSION;TOMATOES;XIRECS;5002.0;3
539700;SUBMISSION;BOT;EMERALDS;XIRECS;10000.0;10
540800;SUBMISSION;BOT_TAKER;TOMATOES;XIRECS;4988.0;4
542200;SUBMISSION;BOT_TAKER;EMERALDS;XIRECS;9993.0;4
543600;SUBMISSION;BOT_TAKER;EMERALDS;XIRECS;9993.0;6
543700;BOT;SUBMISSION;TOMATOES;XIRECS;4997.0;12
544200;BOT_TAKER;BOT_MAKER;TOMATOES;XIRECS;5003.0;2
544400;SUBMISSION;BOT;TOMATOES;XIRECS;4998.0;5
544400;BOT_TAKER;BOT_MAKER;TOMATOES;XIRECS;5004.0;5
545300;SUBMISSION;BOT;EMERALDS;XIRECS;10000.0;7
545500;BOT;SUBMISSION;EMERALDS;XIRECS;10000.0;9
545900;BOT;SUBMISSION;EMERALDS;XIRECS;10000.0;6
546000;SUBMISSION;BOT_TAKER;TOMATOES;XIRECS;4993.0;3
546500;SUBMISSION;BOT_TAKER;TOMATOES;XIRECS;4994.0;4
547000;BOT;SUBMISSION;EMERALDS;XIRECS;10000.0;9
547900;BOT_TAKER;SUBMISSION;TOMATOES;XIRECS;5006.0;3
549200;SUBMISSION;BOT_TAKER;TOMATOES;XIRECS;4995.0;3
552300;BOT;SUBMISSION;EMERALDS;XIRECS;10000.0;10
553300;SUBMISSION;BOT_TAKER;EMERALDS;XIRECS;9993.0;6
553300;SUBMISSION;BOT_TAKER;TOMATOES;XIRECS;4998.0;5
553900;BOT_TAKER;SUBMISSION;TOMATOES;XIRECS;5008.0;3
554400;SUBMISSION;BOT_TAKER;TOMATOES;XIRECS;4997.0;5
554600;BOT;SUBMISSION;TOMATOES;XIRECS;5003.0;4
555000;BOT_TAKER;SUBMISSION;TOMATOES;XIRECS;5010.0;5
560000;SUBMISSION;BOT_TAKER;EMERALDS;XIRECS;9993.0;6
560800;SUBMISSION;BOT_TAKER;EMERALDS;XIRECS;9993.0;7
561000;BOT_TAKER;SUBMISSION;TOMATOES;XIRECS;5012.0;2
562100;BOT_MAKER;BOT_TAKER;TOMATOES;XIRECS;5005.0;5
562700;BOT_TAKER;SUBMISSION;TOMATOES;XIRECS;5013.0;2
565400;SUBMISSION;BOT;EMERALDS;XIRECS;10000.0;6
565500;SUBMISSION;BOT_TAKER;EMERALDS;XIRECS;9993.0;3
565700;SUBMISSION;BOT_TAKER;TOMATOES;XIRECS;4999.0;3
566600;BOT_TAKER;SUBMISSION;EMERALDS;XIRECS;10007.0;5
567400;SUBMISSION;BOT;EMERALDS;XIRECS;10000.0;5
569000;SUBMISSION;BOT;EMERALDS;XIRECS;10000.0;6
570600;BOT_TAKER;SUBMISSION;TOMATOES;XIRECS;5016.0;5
570900;BOT;SUBMISSION;EMERALDS;XIRECS;10000.0;6
571400;SUBMISSION;BOT_TAKER;EMERALDS;XIRECS;9993.0;4
572300;BOT_TAKER;SUBMISSION;EMERALDS;XIRECS;10007.0;7
574800;BOT_TAKER;BOT_MAKER;TOMATOES;XIRECS;5013.0;5
575200;SUBMISSION;BOT;TOMATOES;XIRECS;5006.0;3
577100;SUBMISSION;BOT_TAKER;TOMATOES;XIRECS;5002.0;5
577300;BOT_TAKER;SUBMISSION;EMERALDS;XIRECS;10007.0;3
577300;BOT_MAKER;BOT_TAKER;TOMATOES;XIRECS;5002.0;2
577900;BOT;SUBMISSION;TOMATOES;XIRECS;5009.0;3
580700;BOT;SUBMISSION;EMERALDS;XIRECS;10000.0;10
581800;BOT_TAKER;SUBMISSION;TOMATOES;XIRECS;5015.0;3
582800;BOT_TAKER;SUBMISSION;TOMATOES;XIRECS;5017.0;2
585200;SUBMISSION;BOT;EMERALDS;XIRECS;10000.0;6
586300;SUBMISSION;BOT_TAKER;TOMATOES;XIRECS;5005.0;3
586800;BOT_TAKER;SUBMISSION;TOMATOES;XIRECS;5018.0;4
588500;SUBMISSION;BOT;EMERALDS;XIRECS;10000.0;10
590000;BOT;SUBMISSION;EMERALDS;XIRECS;10000.0;5
590200;SUBMISSION;BOT_TAKER;EMERALDS;XIRECS;9993.0;7
590700;SUBMISSION;BOT_TAKER;TOMATOES;XIRECS;5001.0;3
591800;BOT;SUBMISSION;EMERALDS;XIRECS;10000.0;8
593000;BOT_TAKER;SUBMISSION;TOMATOES;XIRECS;5015.0;4
595800;SUBMISSION;BOT;TOMATOES;XIRECS;5014.0;2
596100;SUBMISSION;BOT;EMERALDS;XIRECS;10000.0;5
596900;BOT_TAKER;SUBMISSION;EMERALDS;XIRECS;10007.0;8
598900;SUBMISSION;BOT;EMERALDS;XIRECS;10000.0;8
598900;SUBMISSION;BOT_TAKER;TOMATOES;XIRECS;5009.0;5
601100;BOT_TAKER;SUBMISSION;TOMATOES;XIRECS;5021.0;5
601300;BOT_TAKER;SUBMISSION;TOMATOES;XIRECS;5021.0;3
601500;SUBMISSION;BOT;TOMATOES;XIRECS;5015.0;2
601800;BOT;SUBMISSION;EMERALDS;XIRECS;10000.0;7
604000;SUBMISSION;BOT;TOMATOES;XIRECS;5013.0;6
606500;SUBMISSION;BOT;EMERALDS;XIRECS;10000.0;7
606600;BOT;SUBMISSION;EMERALDS;XIRECS;10000.0;9
606900;SUBMISSION;BOT;EMERALDS;XIRECS;10000.0;9
608500;SUBMISSION;BOT_TAKER;EMERALDS;XIRECS;9993.0;7
608900;SUBMISSION;BOT;EMERALDS;XIRECS;10000.0;6
609600;SUBMISSION;BOT_TAKER;EMERALDS;XIRECS;9993.0;6
609600;BOT_MAKER;BOT_TAKER;EMERALDS;XIRECS;9992.0;1
610700;BOT_MAKER;BOT_TAKER;EMERALDS;XIRECS;9992.0;6
613100;BOT;SUBMISSION;EMERALDS;XIRECS;10000.0;5
614200;BOT;SUBMISSION;EMERALDS;XIRECS;10000.0;7
614700;SUBMISSION;BOT;EMERALDS;XIRECS;10000.0;8
615400;SUBMISSION;BOT_TAKER;EMERALDS;XIRECS;9993.0;4
615400;BOT_MAKER;BOT_TAKER;EMERALDS;XIRECS;9992.0;1
619100;BOT_TAKER;SUBMISSION;TOMATOES;XIRECS;5015.0;4
621900;BOT_TAKER;SUBMISSION;TOMATOES;XIRECS;5014.0;3
622600;BOT_TAKER;SUBMISSION;EMERALDS;XIRECS;10000.0;3
623500;BOT_TAKER;BOT_MAKER;TOMATOES;XIRECS;5015.0;4
623600;SUBMISSION;BOT_TAKER;TOMATOES;XIRECS;5003.0;5
623800;SUBMISSION;BOT;EMERALDS;XIRECS;10000.0;3
624500;BOT_MAKER;BOT_TAKER;EMERALDS;XIRECS;9992.0;6
624500;SUBMISSION;BOT_TAKER;TOMATOES;XIRECS;5000.0;3
625300;BOT_MAKER;BOT_TAKER;EMERALDS;XIRECS;9992.0;6
626900;BOT;SUBMISSION;EMERALDS;XIRECS;10000.0;6
627900;SUBMISSION;BOT_TAKER;TOMATOES;XIRECS;4996.0;4
628300;SUBMISSION;BOT_TAKER;EMERALDS;XIRECS;9993.0;3
630300;BOT_MAKER;BOT_TAKER;TOMATOES;XIRECS;4992.0;3
631000;BOT_TAKER;SUBMISSION;EMERALDS;XIRECS;10000.0;4
632200;SUBMISSION;BOT_TAKER;EMERALDS;XIRECS;9993.0;6
633200;BOT_TAKER;SUBMISSION;TOMATOES;XIRECS;5002.0;5
634000;SUBMISSION;BOT_TAKER;TOMATOES;XIRECS;4989.0;3
634800;SUBMISSION;BOT_TAKER;TOMATOES;XIRECS;4986.0;4
635100;BOT;SUBMISSION;EMERALDS;XIRECS;10000.0;6
636400;BOT_MAKER;BOT_TAKER;TOMATOES;XIRECS;4986.0;3
636900;BOT;SUBMISSION;EMERALDS;XIRECS;10000.0;5
638000;BOT_TAKER;SUBMISSION;EMERALDS;XIRECS;10007.0;5
638300;BOT;SUBMISSION;TOMATOES;XIRECS;4992.0;2
638700;BOT;SUBMISSION;TOMATOES;XIRECS;4992.0;2
640600;BOT_MAKER;BOT_TAKER;TOMATOES;XIRECS;4987.0;3
640900;BOT_TAKER;SUBMISSION;EMERALDS;XIRECS;10007.0;6
641300;SUBMISSION;BOT_TAKER;TOMATOES;XIRECS;4988.0;4
641800;SUBMISSION;BOT_TAKER;EMERALDS;XIRECS;9993.0;3
642800;BOT_MAKER;BOT_TAKER;TOMATOES;XIRECS;4985.0;5
643400;BOT;SUBMISSION;TOMATOES;XIRECS;4991.0;6
644700;SUBMISSION;BOT;EMERALDS;XIRECS;10000.0;6
645700;BOT_TAKER;SUBMISSION;EMERALDS;XIRECS;10007.0;5
646000;SUBMISSION;BOT_TAKER;EMERALDS;XIRECS;9993.0;8
646600;BOT_TAKER;SUBMISSION;TOMATOES;XIRECS;4992.0;4
646900;SUBMISSION;BOT;TOMATOES;XIRECS;4987.0;2
647100;SUBMISSION;BOT;EMERALDS;XIRECS;10000.0;6
647300;SUBMISSION;BOT_TAKER;TOMATOES;XIRECS;4983.0;5
652600;SUBMISSION;BOT_TAKER;EMERALDS;XIRECS;9993.0;5
652600;BOT_MAKER;BOT_TAKER;EMERALDS;XIRECS;9992.0;1
653200;BOT;SUBMISSION;TOMATOES;XIRECS;4988.0;9
653900;BOT_TAKER;SUBMISSION;TOMATOES;XIRECS;4993.0;2
654800;BOT_TAKER;BOT_MAKER;TOMATOES;XIRECS;4996.0;5
654900;BOT_MAKER;BOT_TAKER;EMERALDS;XIRECS;9992.0;6
655000;SUBMISSION;BOT_TAKER;TOMATOES;XIRECS;4982.0;5
659900;SUBMISSION;BOT_TAKER;TOMATOES;XIRECS;4975.0;2
660800;BOT_MAKER;BOT_TAKER;EMERALDS;XIRECS;9992.0;4
663500;BOT_TAKER;SUBMISSION;TOMATOES;XIRECS;4977.0;2
664200;BOT;SUBMISSION;EMERALDS;XIRECS;10000.0;5
665300;SUBMISSION;BOT_TAKER;TOMATOES;XIRECS;4964.0;3
667700;SUBMISSION;BOT;EMERALDS;XIRECS;10000.0;5
669100;BOT;SUBMISSION;TOMATOES;XIRECS;4972.0;6
669300;BOT;SUBMISSION;EMERALDS;XIRECS;10000.0;5
670300;BOT_TAKER;SUBMISSION;EMERALDS;XIRECS;10000.0;7
671000;BOT_TAKER;SUBMISSION;EMERALDS;XIRECS;10007.0;8
673300;SUBMISSION;BOT_TAKER;TOMATOES;XIRECS;4967.0;5
673700;SUBMISSION;BOT_TAKER;TOMATOES;XIRECS;4967.0;2
674000;SUBMISSION;BOT_TAKER;TOMATOES;XIRECS;4966.0;3
674300;BOT_MAKER;BOT_TAKER;TOMATOES;XIRECS;4965.0;5
675000;SUBMISSION;BOT_TAKER;EMERALDS;XIRECS;9993.0;6
675200;BOT;SUBMISSION;TOMATOES;XIRECS;4974.0;3
675500;SUBMISSION;BOT_TAKER;TOMATOES;XIRECS;4968.0;4
676300;SUBMISSION;BOT;EMERALDS;XIRECS;10000.0;5
677200;SUBMISSION;BOT_TAKER;TOMATOES;XIRECS;4965.0;2
677400;SUBMISSION;BOT;EMERALDS;XIRECS;10000.0;5
677700;BOT_MAKER;BOT_TAKER;TOMATOES;XIRECS;4963.0;2
681100;SUBMISSION;BOT;EMERALDS;XIRECS;10000.0;4
683400;BOT_MAKER;BOT_TAKER;TOMATOES;XIRECS;4966.0;4
684100;BOT_TAKER;SUBMISSION;TOMATOES;XIRECS;4981.0;3
684400;BOT_TAKER;SUBMISSION;TOMATOES;XIRECS;4980.0;4
686000;BOT_MAKER;BOT_TAKER;EMERALDS;XIRECS;9992.0;4
686500;BOT;SUBMISSION;EMERALDS;XIRECS;10000.0;10
686900;BOT_MAKER;BOT_TAKER;TOMATOES;XIRECS;4972.0;3
687500;BOT_TAKER;SUBMISSION;TOMATOES;XIRECS;4984.0;5
689600;SUBMISSION;BOT;EMERALDS;XIRECS;10000.0;6
693000;SUBMISSION;BOT;TOMATOES;XIRECS;4976.0;3
693900;BOT;SUBMISSION;EMERALDS;XIRECS;10000.0;9
694500;SUBMISSION;BOT_TAKER;TOMATOES;XIRECS;4973.0;3
694700;SUBMISSION;BOT;EMERALDS;XIRECS;10000.0;8
695400;SUBMISSION;BOT;EMERALDS;XIRECS;10000.0;5
695800;BOT;SUBMISSION;TOMATOES;XIRECS;4980.0;7
696500;BOT_MAKER;BOT_TAKER;EMERALDS;XIRECS;9992.0;4
698000;BOT_TAKER;BOT_MAKER;TOMATOES;XIRECS;4983.0;2
698100;BOT;SUBMISSION;EMERALDS;XIRECS;10000.0;10
698100;BOT_TAKER;BOT_MAKER;TOMATOES;XIRECS;4983.0;3
698300;BOT_TAKER;SUBMISSION;TOMATOES;XIRECS;4984.0;5
698700;SUBMISSION;BOT;TOMATOES;XIRECS;4979.0;2
698800;SUBMISSION;BOT_TAKER;TOMATOES;XIRECS;4972.0;5
700200;BOT_TAKER;SUBMISSION;TOMATOES;XIRECS;4981.0;3
700400;SUBMISSION;BOT;TOMATOES;XIRECS;4975.0;2
701600;BOT_TAKER;BOT_MAKER;TOMATOES;XIRECS;4981.0;5
701900;BOT;SUBMISSION;EMERALDS;XIRECS;10000.0;8
703200;SUBMISSION;BOT_TAKER;TOMATOES;XIRECS;4971.0;4
704100;SUBMISSION;BOT;EMERALDS;XIRECS;10000.0;5
704500;BOT_TAKER;SUBMISSION;TOMATOES;XIRECS;4982.0;2
706400;SUBMISSION;BOT_TAKER;TOMATOES;XIRECS;4970.0;4
708000;BOT_TAKER;SUBMISSION;TOMATOES;XIRECS;4981.0;3
709100;BOT;SUBMISSION;EMERALDS;XIRECS;10000.0;5
709100;SUBMISSION;BOT_TAKER;TOMATOES;XIRECS;4971.0;3
710000;SUBMISSION;BOT;EMERALDS;XIRECS;10000.0;5
710700;BOT;SUBMISSION;TOMATOES;XIRECS;4977.0;2
711200;SUBMISSION;BOT_TAKER;TOMATOES;XIRECS;4973.0;5
712000;BOT_TAKER;SUBMISSION;EMERALDS;XIRECS;10007.0;5
713200;SUBMISSION;BOT;EMERALDS;XIRECS;10000.0;10
715700;SUBMISSION;BOT_TAKER;EMERALDS;XIRECS;9993.0;3
716500;BOT_MAKER;BOT_TAKER;TOMATOES;XIRECS;4972.0;3
717500;SUBMISSION;BOT_TAKER;TOMATOES;XIRECS;4970.0;3
718600;BOT_MAKER;BOT_TAKER;TOMATOES;XIRECS;4970.0;2
719500;BOT_MAKER;BOT_TAKER;TOMATOES;XIRECS;4969.0;5
719900;SUBMISSION;BOT_TAKER;EMERALDS;XIRECS;9993.0;5
719900;BOT_MAKER;BOT_TAKER;EMERALDS;XIRECS;9992.0;1
721500;BOT_TAKER;SUBMISSION;TOMATOES;XIRECS;4979.0;5
721600;BOT;SUBMISSION;EMERALDS;XIRECS;10000.0;8
723800;BOT;SUBMISSION;TOMATOES;XIRECS;4975.0;12
724000;SUBMISSION;BOT_TAKER;TOMATOES;XIRECS;4967.0;4
725400;SUBMISSION;BOT_TAKER;TOMATOES;XIRECS;4968.0;3
725500;SUBMISSION;BOT;TOMATOES;XIRECS;4971.0;10
728100;SUBMISSION;BOT_TAKER;EMERALDS;XIRECS;9993.0;6
728900;BOT;SUBMISSION;TOMATOES;XIRECS;4971.0;5
731300;BOT_TAKER;SUBMISSION;TOMATOES;XIRECS;4979.0;4
731600;SUBMISSION;BOT_TAKER;EMERALDS;XIRECS;9993.0;2
731600;BOT_MAKER;BOT_TAKER;EMERALDS;XIRECS;9992.0;2
731900;BOT_TAKER;SUBMISSION;EMERALDS;XIRECS;10000.0;7
732700;SUBMISSION;BOT_TAKER;TOMATOES;XIRECS;4973.0;3
735100;SUBMISSION;BOT;EMERALDS;XIRECS;10000.0;5
736100;BOT_TAKER;SUBMISSION;TOMATOES;XIRECS;4982.0;2
737800;BOT;SUBMISSION;EMERALDS;XIRECS;10000.0;7
737900;BOT_TAKER;SUBMISSION;TOMATOES;XIRECS;4980.0;5
739100;BOT;SUBMISSION;EMERALDS;XIRECS;10000.0;9
739500;SUBMISSION;BOT;TOMATOES;XIRECS;4971.0;4
742900;SUBMISSION;BOT;EMERALDS;XIRECS;10000.0;7
743300;BOT_TAKER;SUBMISSION;EMERALDS;XIRECS;10007.0;8
743900;BOT;SUBMISSION;EMERALDS;XIRECS;10000.0;5
744300;BOT_TAKER;SUBMISSION;TOMATOES;XIRECS;4982.0;2
744800;SUBMISSION;BOT_TAKER;TOMATOES;XIRECS;4970.0;3
745200;BOT_TAKER;SUBMISSION;EMERALDS;XIRECS;10007.0;7
745700;SUBMISSION;BOT_TAKER;TOMATOES;XIRECS;4971.0;4
746000;BOT;SUBMISSION;EMERALDS;XIRECS;10000.0;9
746500;BOT_TAKER;SUBMISSION;TOMATOES;XIRECS;4984.0;4
746600;SUBMISSION;BOT;EMERALDS;XIRECS;10000.0;10
748500;BOT;SUBMISSION;EMERALDS;XIRECS;10000.0;5
752300;BOT_TAKER;SUBMISSION;TOMATOES;XIRECS;4983.0;3
754100;SUBMISSION;BOT;EMERALDS;XIRECS;10000.0;5
755700;SUBMISSION;BOT;EMERALDS;XIRECS;10000.0;7
756200;SUBMISSION;BOT_TAKER;EMERALDS;XIRECS;9993.0;8
756800;SUBMISSION;BOT;EMERALDS;XIRECS;10000.0;6
762100;BOT;SUBMISSION;EMERALDS;XIRECS;10000.0;8
762500;BOT_TAKER;SUBMISSION;EMERALDS;XIRECS;10007.0;3
763800;SUBMISSION;BOT;EMERALDS;XIRECS;10000.0;9
764500;SUBMISSION;BOT_TAKER;TOMATOES;XIRECS;4979.0;4
764700;SUBMISSION;BOT;EMERALDS;XIRECS;10000.0;8
765100;SUBMISSION;BOT;EMERALDS;XIRECS;10000.0;3
766800;BOT;SUBMISSION;EMERALDS;XIRECS;10000.0;10
767100;BOT_TAKER;SUBMISSION;TOMATOES;XIRECS;4990.0;2
768100;BOT_TAKER;SUBMISSION;TOMATOES;XIRECS;4990.0;4
768500;SUBMISSION;BOT;TOMATOES;XIRECS;4983.0;11
769900;SUBMISSION;BOT;EMERALDS;XIRECS;10000.0;8
770200;BOT;SUBMISSION;TOMATOES;XIRECS;4983.0;2
770300;SUBMISSION;BOT_TAKER;TOMATOES;XIRECS;4978.0;2
770800;SUBMISSION;BOT;EMERALDS;XIRECS;10000.0;2
771700;BOT;SUBMISSION;EMERALDS;XIRECS;10000.0;10
773000;BOT_TAKER;SUBMISSION;EMERALDS;XIRECS;10000.0;5
774200;BOT;SUBMISSION;TOMATOES;XIRECS;4983.0;3
774900;SUBMISSION;BOT_TAKER;EMERALDS;XIRECS;9993.0;6
775200;BOT_TAKER;SUBMISSION;EMERALDS;XIRECS;10000.0;8
775900;SUBMISSION;BOT;EMERALDS;XIRECS;10000.0;6
776000;BOT_TAKER;SUBMISSION;TOMATOES;XIRECS;4988.0;3
777300;SUBMISSION;BOT;EMERALDS;XIRECS;10000.0;6
779300;BOT;SUBMISSION;EMERALDS;XIRECS;10000.0;9
779900;BOT_TAKER;SUBMISSION;EMERALDS;XIRECS;10007.0;4
780300;SUBMISSION;BOT_TAKER;EMERALDS;XIRECS;9993.0;4
780900;BOT;SUBMISSION;EMERALDS;XIRECS;10000.0;8
781500;SUBMISSION;BOT;EMERALDS;XIRECS;10000.0;10
787600;BOT_TAKER;SUBMISSION;TOMATOES;XIRECS;4992.0;5
789400;SUBMISSION;BOT;EMERALDS;XIRECS;10000.0;5
789500;BOT_TAKER;SUBMISSION;EMERALDS;XIRECS;10000.0;5
789500;BOT_TAKER;SUBMISSION;TOMATOES;XIRECS;4992.0;3
789800;SUBMISSION;BOT;TOMATOES;XIRECS;4985.0;8
790800;BOT;SUBMISSION;EMERALDS;XIRECS;10000.0;6
791600;BOT;SUBMISSION;EMERALDS;XIRECS;10000.0;5
791800;SUBMISSION;BOT_TAKER;TOMATOES;XIRECS;4976.0;3
792400;BOT;SUBMISSION;EMERALDS;XIRECS;10000.0;8
792900;BOT;SUBMISSION;TOMATOES;XIRECS;4981.0;7
793900;SUBMISSION;BOT;TOMATOES;XIRECS;4978.0;9
795000;BOT_TAKER;SUBMISSION;EMERALDS;XIRECS;10007.0;4
795600;BOT_TAKER;SUBMISSION;EMERALDS;XIRECS;10007.0;8
796800;BOT_MAKER;BOT_TAKER;TOMATOES;XIRECS;4970.0;5
798000;BOT_MAKER;BOT_TAKER;TOMATOES;XIRECS;4971.0;3
798900;BOT_MAKER;BOT_TAKER;TOMATOES;XIRECS;4970.0;4
799800;BOT_TAKER;SUBMISSION;EMERALDS;XIRECS;10007.0;3
799900;BOT_TAKER;SUBMISSION;TOMATOES;XIRECS;4983.0;5
800200;BOT;SUBMISSION;EMERALDS;XIRECS;10000.0;8
804600;SUBMISSION;BOT_TAKER;EMERALDS;XIRECS;9993.0;3
806000;SUBMISSION;BOT;EMERALDS;XIRECS;10000.0;10
807200;SUBMISSION;BOT;EMERALDS;XIRECS;10000.0;9
807300;SUBMISSION;BOT_TAKER;EMERALDS;XIRECS;9993.0;7
807800;SUBMISSION;BOT_TAKER;EMERALDS;XIRECS;9993.0;5
808600;SUBMISSION;BOT_TAKER;EMERALDS;XIRECS;9993.0;7
808900;SUBMISSION;BOT_TAKER;TOMATOES;XIRECS;4972.0;3
809800;BOT;SUBMISSION;EMERALDS;XIRECS;10000.0;8
810200;BOT;SUBMISSION;TOMATOES;XIRECS;4977.0;4
811200;SUBMISSION;BOT_TAKER;EMERALDS;XIRECS;9993.0;5
811600;SUBMISSION;BOT_TAKER;EMERALDS;XIRECS;9993.0;6
812400;SUBMISSION;BOT;EMERALDS;XIRECS;10000.0;6
813100;BOT;SUBMISSION;EMERALDS;XIRECS;10000.0;8
813700;BOT;SUBMISSION;EMERALDS;XIRECS;10000.0;8
815300;BOT_TAKER;SUBMISSION;TOMATOES;XIRECS;4985.0;5
815900;BOT;SUBMISSION;EMERALDS;XIRECS;10000.0;9
817000;BOT_TAKER;SUBMISSION;EMERALDS;XIRECS;10007.0;5
817100;SUBMISSION;BOT;TOMATOES;XIRECS;4979.0;2
817700;SUBMISSION;BOT_TAKER;TOMATOES;XIRECS;4972.0;4
819000;SUBMISSION;BOT_TAKER;EMERALDS;XIRECS;9993.0;5
819300;SUBMISSION;BOT;TOMATOES;XIRECS;4975.0;8
820800;BOT_TAKER;SUBMISSION;TOMATOES;XIRECS;4982.0;4
821800;BOT_TAKER;SUBMISSION;EMERALDS;XIRECS;10007.0;3
825100;BOT_TAKER;SUBMISSION;EMERALDS;XIRECS;10007.0;5
826500;BOT_MAKER;BOT_TAKER;TOMATOES;XIRECS;4969.0;3
827000;BOT_TAKER;SUBMISSION;TOMATOES;XIRECS;4982.0;4
827400;SUBMISSION;BOT_TAKER;TOMATOES;XIRECS;4971.0;3
831000;SUBMISSION;BOT_TAKER;TOMATOES;XIRECS;4969.0;5
832800;BOT;SUBMISSION;TOMATOES;XIRECS;4972.0;12
834300;SUBMISSION;BOT;TOMATOES;XIRECS;4970.0;4
834800;SUBMISSION;BOT;EMERALDS;XIRECS;10000.0;8
834900;SUBMISSION;BOT;EMERALDS;XIRECS;10000.0;9
835000;SUBMISSION;BOT_TAKER;EMERALDS;XIRECS;9993.0;8
835400;BOT_TAKER;SUBMISSION;TOMATOES;XIRECS;4973.0;4
835500;SUBMISSION;BOT;EMERALDS;XIRECS;10000.0;10
837100;SUBMISSION;BOT_TAKER;TOMATOES;XIRECS;4963.0;5
838300;BOT_TAKER;SUBMISSION;EMERALDS;XIRECS;10000.0;6
838800;BOT_TAKER;SUBMISSION;EMERALDS;XIRECS;10000.0;8
844500;BOT;SUBMISSION;EMERALDS;XIRECS;10000.0;5
845000;SUBMISSION;BOT;EMERALDS;XIRECS;10000.0;6
848500;SUBMISSION;BOT_TAKER;TOMATOES;XIRECS;4963.0;4
848700;BOT;SUBMISSION;EMERALDS;XIRECS;10000.0;8
849000;BOT_MAKER;BOT_TAKER;TOMATOES;XIRECS;4961.0;4
850600;BOT_TAKER;SUBMISSION;TOMATOES;XIRECS;4974.0;4
851100;SUBMISSION;BOT;EMERALDS;XIRECS;10000.0;10
851200;SUBMISSION;BOT;EMERALDS;XIRECS;10000.0;8
851800;SUBMISSION;BOT_TAKER;EMERALDS;XIRECS;9993.0;3
851900;BOT;SUBMISSION;EMERALDS;XIRECS;10000.0;7
852000;SUBMISSION;BOT;EMERALDS;XIRECS;10000.0;6
852800;BOT;SUBMISSION;EMERALDS;XIRECS;10000.0;9
852800;BOT_TAKER;SUBMISSION;TOMATOES;XIRECS;4971.0;3
856500;BOT_TAKER;SUBMISSION;EMERALDS;XIRECS;10007.0;6
857300;BOT_TAKER;SUBMISSION;TOMATOES;XIRECS;4971.0;3
862500;SUBMISSION;BOT;EMERALDS;XIRECS;10000.0;9
862500;BOT_TAKER;SUBMISSION;EMERALDS;XIRECS;10001.0;3
863200;BOT;SUBMISSION;EMERALDS;XIRECS;10000.0;6
863300;SUBMISSION;BOT_TAKER;TOMATOES;XIRECS;4953.0;5
864100;BOT_TAKER;SUBMISSION;TOMATOES;XIRECS;4965.0;4
864500;SUBMISSION;BOT;TOMATOES;XIRECS;4958.0;10
865400;SUBMISSION;BOT_TAKER;EMERALDS;XIRECS;9993.0;5
866800;BOT;SUBMISSION;TOMATOES;XIRECS;4962.0;6
867800;SUBMISSION;BOT;EMERALDS;XIRECS;10000.0;5
867900;SUBMISSION;BOT_TAKER;TOMATOES;XIRECS;4954.0;4
868100;BOT;SUBMISSION;EMERALDS;XIRECS;10000.0;8
868900;SUBMISSION;BOT;EMERALDS;XIRECS;10000.0;10
870500;SUBMISSION;BOT;EMERALDS;XIRECS;10000.0;6
870700;BOT;SUBMISSION;EMERALDS;XIRECS;10000.0;8
871000;BOT_TAKER;SUBMISSION;TOMATOES;XIRECS;4961.0;4
871400;SUBMISSION;BOT_TAKER;EMERALDS;XIRECS;9993.0;6
872200;BOT_TAKER;SUBMISSION;TOMATOES;XIRECS;4960.0;2
872300;SUBMISSION;BOT;EMERALDS;XIRECS;10000.0;2
873300;BOT_TAKER;SUBMISSION;EMERALDS;XIRECS;10000.0;3
873500;BOT;SUBMISSION;EMERALDS;XIRECS;10000.0;9
874900;BOT_TAKER;SUBMISSION;EMERALDS;XIRECS;10007.0;6
875300;BOT_TAKER;SUBMISSION;EMERALDS;XIRECS;10007.0;5
877400;BOT;SUBMISSION;EMERALDS;XIRECS;10000.0;7
877700;SUBMISSION;BOT;TOMATOES;XIRECS;4953.0;3
879300;BOT;SUBMISSION;EMERALDS;XIRECS;10000.0;7
881800;SUBMISSION;BOT;EMERALDS;XIRECS;10000.0;5
885700;SUBMISSION;BOT;EMERALDS;XIRECS;10000.0;5
886100;BOT_TAKER;SUBMISSION;TOMATOES;XIRECS;4964.0;2
886300;SUBMISSION;BOT_TAKER;TOMATOES;XIRECS;4952.0;2
886500;BOT_TAKER;SUBMISSION;TOMATOES;XIRECS;4964.0;4
887300;BOT;SUBMISSION;EMERALDS;XIRECS;10000.0;7
888500;SUBMISSION;BOT_TAKER;EMERALDS;XIRECS;9993.0;5
890900;BOT;SUBMISSION;EMERALDS;XIRECS;10000.0;6
891200;SUBMISSION;BOT_TAKER;TOMATOES;XIRECS;4954.0;2
891900;SUBMISSION;BOT_TAKER;EMERALDS;XIRECS;9993.0;7
891900;BOT_MAKER;BOT_TAKER;TOMATOES;XIRECS;4958.0;4
892200;SUBMISSION;BOT;EMERALDS;XIRECS;10000.0;9
893300;SUBMISSION;BOT_TAKER;TOMATOES;XIRECS;4959.0;2
894000;SUBMISSION;BOT_TAKER;TOMATOES;XIRECS;4960.0;4
895100;BOT_TAKER;SUBMISSION;EMERALDS;XIRECS;10007.0;4
896900;SUBMISSION;BOT;EMERALDS;XIRECS;10000.0;5
896900;BOT;SUBMISSION;TOMATOES;XIRECS;4967.0;5
897800;SUBMISSION;BOT;EMERALDS;XIRECS;10000.0;8
898200;SUBMISSION;BOT;EMERALDS;XIRECS;10000.0;9
898700;BOT_TAKER;SUBMISSION;TOMATOES;XIRECS;4973.0;3
898800;BOT;SUBMISSION;EMERALDS;XIRECS;10000.0;5
899100;BOT;SUBMISSION;EMERALDS;XIRECS;10000.0;9
899400;SUBMISSION;BOT;EMERALDS;XIRECS;10000.0;9
899800;SUBMISSION;BOT_TAKER;TOMATOES;XIRECS;4962.0;3
900400;SUBMISSION;BOT;TOMATOES;XIRECS;4964.0;5
900800;BOT_MAKER;BOT_TAKER;TOMATOES;XIRECS;4960.0;2
902100;BOT;SUBMISSION;TOMATOES;XIRECS;4964.0;4
903300;BOT;SUBMISSION;EMERALDS;XIRECS;10000.0;8
904200;BOT_TAKER;SUBMISSION;TOMATOES;XIRECS;4973.0;4
904400;SUBMISSION;BOT;EMERALDS;XIRECS;10000.0;8
905000;SUBMISSION;BOT_TAKER;TOMATOES;XIRECS;4963.0;4
906400;BOT_TAKER;SUBMISSION;TOMATOES;XIRECS;4977.0;4
906700;SUBMISSION;BOT;EMERALDS;XIRECS;10000.0;6
906800;BOT_TAKER;SUBMISSION;EMERALDS;XIRECS;10000.0;7
907600;BOT_TAKER;SUBMISSION;TOMATOES;XIRECS;4976.0;5
908500;SUBMISSION;BOT;EMERALDS;XIRECS;10000.0;7
908600;BOT_TAKER;BOT_MAKER;TOMATOES;XIRECS;4978.0;6
908700;BOT;SUBMISSION;EMERALDS;XIRECS;10000.0;6
908700;SUBMISSION;BOT;TOMATOES;XIRECS;4972.0;4
908800;SUBMISSION;BOT;TOMATOES;XIRECS;4971.0;2
909100;BOT;SUBMISSION;EMERALDS;XIRECS;10000.0;9
909100;BOT_TAKER;SUBMISSION;EMERALDS;XIRECS;10000.0;3
910100;BOT_TAKER;SUBMISSION;EMERALDS;XIRECS;10007.0;8
910700;BOT_TAKER;SUBMISSION;EMERALDS;XIRECS;10007.0;5
911600;BOT;SUBMISSION;EMERALDS;XIRECS;10000.0;7
912600;SUBMISSION;BOT;EMERALDS;XIRECS;10000.0;9
912700;BOT_TAKER;SUBMISSION;EMERALDS;XIRECS;10007.0;6
913300;BOT_TAKER;SUBMISSION;TOMATOES;XIRECS;4978.0;3
913900;SUBMISSION;BOT;TOMATOES;XIRECS;4970.0;6
914400;BOT_TAKER;SUBMISSION;TOMATOES;XIRECS;4976.0;3
914700;BOT;SUBMISSION;EMERALDS;XIRECS;10000.0;9
915700;BOT;SUBMISSION;EMERALDS;XIRECS;10000.0;8
917700;BOT_TAKER;SUBMISSION;EMERALDS;XIRECS;10007.0;8
918800;SUBMISSION;BOT_TAKER;EMERALDS;XIRECS;9993.0;4
919600;BOT;SUBMISSION;EMERALDS;XIRECS;10000.0;10
921100;BOT;SUBMISSION;EMERALDS;XIRECS;10000.0;6
921200;SUBMISSION;BOT;EMERALDS;XIRECS;10000.0;9
921200;SUBMISSION;BOT;TOMATOES;XIRECS;4967.0;2
921600;SUBMISSION;BOT_TAKER;TOMATOES;XIRECS;4960.0;3
923600;BOT_TAKER;SUBMISSION;EMERALDS;XIRECS;10007.0;5
923700;BOT;SUBMISSION;EMERALDS;XIRECS;10000.0;8
925200;BOT;SUBMISSION;TOMATOES;XIRECS;4968.0;10
926100;BOT_TAKER;BOT_MAKER;TOMATOES;XIRECS;4976.0;3
927000;SUBMISSION;BOT;TOMATOES;XIRECS;4968.0;3
930200;SUBMISSION;BOT_TAKER;TOMATOES;XIRECS;4963.0;4
930500;SUBMISSION;BOT;TOMATOES;XIRECS;4965.0;7
930900;BOT_TAKER;SUBMISSION;TOMATOES;XIRECS;4973.0;2
931200;BOT_TAKER;SUBMISSION;TOMATOES;XIRECS;4971.0;2
931800;BOT_TAKER;SUBMISSION;EMERALDS;XIRECS;10007.0;8
934300;SUBMISSION;BOT_TAKER;EMERALDS;XIRECS;9993.0;7
935400;BOT_TAKER;SUBMISSION;TOMATOES;XIRECS;4973.0;5
936500;BOT_TAKER;SUBMISSION;EMERALDS;XIRECS;10007.0;5
940600;SUBMISSION;BOT;TOMATOES;XIRECS;4965.0;11
941900;SUBMISSION;BOT_TAKER;EMERALDS;XIRECS;9993.0;5
942800;BOT;SUBMISSION;EMERALDS;XIRECS;10000.0;10
942800;BOT_TAKER;SUBMISSION;TOMATOES;XIRECS;4973.0;4
942900;SUBMISSION;BOT;EMERALDS;XIRECS;10000.0;10
942900;SUBMISSION;BOT_TAKER;EMERALDS;XIRECS;9993.0;5
943400;SUBMISSION;BOT;EMERALDS;XIRECS;10000.0;9
944200;BOT_TAKER;SUBMISSION;TOMATOES;XIRECS;4970.0;3
944500;BOT;SUBMISSION;EMERALDS;XIRECS;10000.0;8
945600;SUBMISSION;BOT;EMERALDS;XIRECS;10000.0;5
946200;SUBMISSION;BOT_TAKER;TOMATOES;XIRECS;4961.0;2
947300;SUBMISSION;BOT_TAKER;TOMATOES;XIRECS;4961.0;4
947500;BOT_MAKER;BOT_TAKER;TOMATOES;XIRECS;4960.0;3
948300;BOT_MAKER;BOT_TAKER;TOMATOES;XIRECS;4961.0;5
949900;BOT_MAKER;BOT_TAKER;TOMATOES;XIRECS;4960.0;3
952300;BOT_TAKER;SUBMISSION;TOMATOES;XIRECS;4969.0;5
953700;BOT_MAKER;BOT_TAKER;TOMATOES;XIRECS;4959.0;2
954800;SUBMISSION;BOT;EMERALDS;XIRECS;10000.0;5
954900;BOT_TAKER;SUBMISSION;TOMATOES;XIRECS;4970.0;3
955700;BOT_TAKER;SUBMISSION;TOMATOES;XIRECS;4970.0;5
957100;SUBMISSION;BOT_TAKER;EMERALDS;XIRECS;9993.0;6
957200;BOT;SUBMISSION;EMERALDS;XIRECS;10000.0;9
957400;SUBMISSION;BOT_TAKER;EMERALDS;XIRECS;9993.0;3
957400;BOT_TAKER;BOT_MAKER;TOMATOES;XIRECS;4969.0;5
958700;SUBMISSION;BOT_TAKER;TOMATOES;XIRECS;4960.0;4
958800;SUBMISSION;BOT_TAKER;EMERALDS;XIRECS;9993.0;4
959300;SUBMISSION;BOT;EMERALDS;XIRECS;10000.0;8
960100;BOT_TAKER;SUBMISSION;EMERALDS;XIRECS;10007.0;7
960500;BOT_TAKER;SUBMISSION;EMERALDS;XIRECS;10007.0;4
960800;BOT_TAKER;SUBMISSION;TOMATOES;XIRECS;4969.0;3
961200;SUBMISSION;BOT;EMERALDS;XIRECS;10000.0;9
961500;BOT;SUBMISSION;EMERALDS;XIRECS;10000.0;6
961800;SUBMISSION;BOT;EMERALDS;XIRECS;10000.0;10
962100;SUBMISSION;BOT_TAKER;TOMATOES;XIRECS;4959.0;5
962700;BOT;SUBMISSION;EMERALDS;XIRECS;10000.0;9
962800;SUBMISSION;BOT_TAKER;EMERALDS;XIRECS;9993.0;7
963700;BOT_TAKER;SUBMISSION;EMERALDS;XIRECS;10007.0;3
965200;SUBMISSION;BOT;EMERALDS;XIRECS;10000.0;5
965800;SUBMISSION;BOT;EMERALDS;XIRECS;10000.0;6
965800;SUBMISSION;BOT_TAKER;TOMATOES;XIRECS;4955.0;3
968200;SUBMISSION;BOT;EMERALDS;XIRECS;10000.0;6
968900;BOT;SUBMISSION;TOMATOES;XIRECS;4961.0;10
969300;SUBMISSION;BOT;EMERALDS;XIRECS;10000.0;9
969800;SUBMISSION;BOT_TAKER;TOMATOES;XIRECS;4953.0;4
970600;SUBMISSION;BOT;EMERALDS;XIRECS;10000.0;10
971100;SUBMISSION;BOT_TAKER;EMERALDS;XIRECS;9993.0;6
972700;SUBMISSION;BOT_TAKER;TOMATOES;XIRECS;4955.0;4
973400;BOT;SUBMISSION;EMERALDS;XIRECS;10000.0;8
973500;BOT;SUBMISSION;EMERALDS;XIRECS;10000.0;8
974700;BOT;SUBMISSION;TOMATOES;XIRECS;4960.0;6
974800;SUBMISSION;BOT_TAKER;EMERALDS;XIRECS;9993.0;8
975600;BOT;SUBMISSION;EMERALDS;XIRECS;10000.0;5
977100;BOT_TAKER;BOT_MAKER;TOMATOES;XIRECS;4961.0;2
977500;SUBMISSION;BOT;TOMATOES;XIRECS;4953.0;8
982700;SUBMISSION;BOT_TAKER;TOMATOES;XIRECS;4951.0;2
983500;BOT;SUBMISSION;TOMATOES;XIRECS;4958.0;5
983900;SUBMISSION;BOT_TAKER;TOMATOES;XIRECS;4954.0;4
985400;SUBMISSION;BOT_TAKER;EMERALDS;XIRECS;9993.0;6
985500;BOT_MAKER;BOT_TAKER;TOMATOES;XIRECS;4954.0;2
985800;BOT_TAKER;SUBMISSION;TOMATOES;XIRECS;4968.0;2
987700;BOT;SUBMISSION;EMERALDS;XIRECS;10000.0;7
989800;BOT;SUBMISSION;TOMATOES;XIRECS;4962.0;12
993400;SUBMISSION;BOT;TOMATOES;XIRECS;4963.0;10
997300;BOT_TAKER;SUBMISSION;TOMATOES;XIRECS;4975.0;3
997700;BOT;SUBMISSION;EMERALDS;XIRECS;10000.0;9
998000;SUBMISSION;BOT;EMERALDS;XIRECS;10000.0;5
999000;BOT_TAKER;SUBMISSION;TOMATOES;XIRECS;4973.0;5
