timestamp;buyer;seller;symbol;currency;price;quantity
300;BOT;SUBMISSION;EMERALDS;XIRECS;10000.0;5
2100;BOT_TAKER;SUBMISSION;TOMATOES;XIRECS;5013.0;4
3300;SUBMISSION;BOT_TAKER;TOMATOES;XIRECS;5002.0;5
3400;SUBMISSION;BOT_TAKER;TOMATOES;XIRECS;5001.0;3
4000;SUBMISSION;BOT;EMERALDS;XIRECS;10000.0;6
4700;BOT_MAKER;BOT_TAKER;TOMATOES;XIRECS;5005.0;5
4900;BOT_MAKER;BOT_TAKER;TOMATOES;XIRECS;5005.0;4
5100;BOT;SUBMISSION;EMERALDS;XIRECS;10000.0;9
5200;SUBMISSION;BOT;EMERALDS;XIRECS;10000.0;9
5800;BOT_TAKER;SUBMISSION;TOMATOES;XIRECS;5015.0;2
6500;BOT_TAKER;SUBMISSION;EMERALDS;XIRECS;10007.0;3
6500;SUBMISSION;BOT_TAKER;TOMATOES;XIRECS;5001.0;5
8000;BOT_MAKER;BOT_TAKER;TOMATOES;XIRECS;5001.0;5
8300;BOT_MAKER;BOT_TAKER;TOMATOES;XIRECS;5001.0;3
9300;BOT_TAKER;SUBMISSION;TOMATOES;XIRECS;5010.0;4
10100;SUBMISSION;BOT_TAKER;TOMATOES;XIRECS;4997.0;4
10200;BOT_TAKER;SUBMISSION;TOMATOES;XIRECS;5009.0;4
12700;BOT;SUBMISSION;TOMATOES;XIRECS;5008.0;11
13100;SUBMISSION;BOT_TAKER;TOMATOES;XIRECS;5000.0;5
13900;SUBMISSION;BOT_TAKER;EMERALDS;XIRECS;9993.0;6
14300;SUBMISSION;BOT;EMERALDS;XIRECS;10000.0;10
15600;SUBMISSION;BOT;TOMATOES;XIRECS;5004.0;5
16600;SUBMISSION;BOT;EMERALDS;XIRECS;10000.0;5
18400;SUBMISSION;BOT;EMERALDS;XIRECS;10000.0;7
19700;BOT;SUBMISSION;EMERALDS;XIRECS;10000.0;8
20300;BOT_TAKER;SUBMISSION;TOMATOES;XIRECS;5012.0;2
20400;SUBMISSION;BOT_TAKER;TOMATOES;XIRECS;5000.0;5
23500;SUBMISSION;BOT;EMERALDS;XIRECS;10000.0;7
24700;SUBMISSION;BOT_TAKER;TOMATOES;XIRECS;5002.0;2
25000;BOT;SUBMISSION;EMERALDS;XIRECS;10000.0;9
25500;BOT_TAKER;SUBMISSION;TOMATOES;XIRECS;5014.0;2
26000;BOT;SUBMISSION;EMERALDS;XIRECS;10000.0;9
26300;BOT_TAKER;SUBMISSION;TOMATOES;XIRECS;5014.0;4
26500;SUBMISSION;BOT_TAKER;TOMATOES;XIRECS;5002.0;4
26900;BOT_TAKER;SUBMISSION;TOMATOES;XIRECS;5013.0;2
28600;BOT_MAKER;BOT_TAKER;TOMATOES;XIRECS;5004.0;3
29000;SUBMISSION;BOT_TAKER;TOMATOES;XIRECS;5004.0;4
30100;SUBMISSION;BOT;EMERALDS;XIRECS;10000.0;7
30500;BOT;SUBMISSION;TOMATOES;XIRECS;5008.0;7
30500;BOT_TAKER;SUBMISSION;TOMATOES;XIRECS;5013.0;4
31200;SUBMISSION;BOT_TAKER;TOMATOES;XIRECS;5002.0;5
31700;SUBMISSION;BOT_TAKER;EMERALDS;XIRECS;9993.0;5
31900;BOT;SUBMISSION;EMERALDS;XIRECS;10000.0;8
33000;BOT;SUBMISSION;EMERALDS;XIRECS;10000.0;5
36500;BOT;SUBMISSION;EMERALDS;XIRECS;10000.0;7
38000;BOT_TAKER;SUBMISSION;EMERALDS;XIRECS;10007.0;5
39000;BOT_TAKER;SUBMISSION;EMERALDS;XIRECS;10007.0;8
39500;SUBMISSION;BOT_TAKER;EMERALDS;XIRECS;9993.0;7
40100;BOT;SUBMISSION;EMERALDS;XIRECS;10000.0;8
40400;BOT;SUBMISSION;EMERALDS;XIRECS;10000.0;5
41000;SUBMISSION;BOT;EMERALDS;XIRECS;10000.0;5
42200;BOT;SUBMISSION;EMERALDS;XIRECS;10000.0;10
42600;SUBMISSION;BOT_TAKER;TOMATOES;XIRECS;4999.0;4
43000;SUBMISSION;BOT_TAKER;EMERALDS;XIRECS;9993.0;6
43300;SUBMISSION;BOT;EMERALDS;XIRECS;10000.0;10
44900;SUBMISSION;BOT;EMERALDS;XIRECS;10000.0;6
45300;BOT;SUBMISSION;TOMATOES;XIRECS;5006.0;3
45600;BOT_TAKER;SUBMISSION;TOMATOES;XIRECS;5013.0;2
45900;BOT_TAKER;SUBMISSION;TOMATOES;XIRECS;5013.0;4
47000;SUBMISSION;BOT;TOMATOES;XIRECS;5006.0;6
47800;SUBMISSION;BOT_TAKER;TOMATOES;XIRECS;5001.0;3
49500;BOT_TAKER;SUBMISSION;TOMATOES;XIRECS;5013.0;2
51300;BOT;SUBMISSION;EMERALDS;XIRECS;10000.0;5
51500;SUBMISSION;BOT_TAKER;EMERALDS;XIRECS;9993.0;3
51800;BOT_TAKER;SUBMISSION;TOMATOES;XIRECS;5012.0;5
52700;BOT_TAKER;SUBMISSION;TOMATOES;XIRECS;5014.0;5
53500;SUBMISSION;BOT_TAKER;TOMATOES;XIRECS;5004.0;4
54900;BOT_TAKER;SUBMISSION;EMERALDS;XIRECS;10007.0;8
55100;BOT_TAKER;SUBMISSION;EMERALDS;XIRECS;10007.0;8
55100;SUBMISSION;BOT_TAKER;TOMATOES;XIRECS;5003.0;5
57100;BOT_TAKER;SUBMISSION;EMERALDS;XIRECS;10007.0;6
58400;BOT_MAKER;BOT_TAKER;TOMATOES;XIRECS;5003.0;2
58600;BOT;SUBMISSION;TOMATOES;XIRECS;5011.0;11
59800;SUBMISSION;BOT;TOMATOES;XIRECS;5011.0;4
61500;BOT_TAKER;SUBMISSION;EMERALDS;XIRECS;10007.0;6
62300;BOT_TAKER;BOT_MAKER;TOMATOES;XIRECS;5017.0;5
63400;SUBMISSION;BOT_TAKER;TOMATOES;XIRECS;5003.0;5
65200;BOT_TAKER;SUBMISSION;TOMATOES;XIRECS;5010.0;3
66000;SUBMISSION;BOT_TAKER;TOMATOES;XIRECS;4999.0;4
67700;SUBMISSION;BOT_TAKER;TOMATOES;XIRECS;5003.0;3
68800;SUBMISSION;BOT;EMERALDS;XIRECS;10000.0;10
69400;SUBMISSION;BOT_TAKER;TOMATOES;XIRECS;5003.0;3
69700;BOT_MAKER;BOT_TAKER;TOMATOES;XIRECS;5006.0;4
71500;BOT;SUBMISSION;EMERALDS;XIRECS;10000.0;8
73300;BOT;SUBMISSION;TOMATOES;XIRECS;5010.0;3
73400;SUBMISSION;BOT;EMERALDS;XIRECS;10000.0;9
74400;SUBMISSION;BOT_TAKER;EMERALDS;XIRECS;9993.0;4
74900;SUBMISSION;BOT_TAKER;TOMATOES;XIRECS;5006.0;4
76000;BOT_TAKER;SUBMISSION;TOMATOES;XIRECS;5017.0;3
76200;BOT;SUBMISSION;EMERALDS;XIRECS;10000.0;7
76400;BOT;SUBMISSION;TOMATOES;XIRECS;5011.0;10
76900;BOT_TAKER;BOT_MAKER;TOMATOES;XIRECS;5018.0;4
78200;SUBMISSION;BOT_TAKER;TOMATOES;XIRECS;5005.0;5
79900;BOT;SUBMISSION;EMERALDS;XIRECS;10000.0;7
80700;SUBMISSION;BOT_TAKER;EMERALDS;XIRECS;9993.0;4
84100;SUBMISSION;BOT_TAKER;TOMATOES;XIRECS;5007.0;3
86800;BOT_MAKER;BOT_TAKER;TOMATOES;XIRECS;5008.0;4
86800;SUBMISSION;BOT_TAKER;TOMATOES;XIRECS;5005.0;1
89400;BOT_TAKER;SUBMISSION;TOMATOES;XIRECS;5015.0;4
89700;BOT;SUBMISSION;EMERALDS;XIRECS;10000.0;7
90500;SUBMISSION;BOT_TAKER;TOMATOES;XIRECS;5004.0;5
91200;BOT;SUBMISSION;EMERALDS;XIRECS;10000.0;5
92200;BOT;SUBMISSION;EMERALDS;XIRECS;10000.0;5
92400;BOT;SUBMISSION;TOMATOES;XIRECS;5008.0;5
94800;SUBMISSION;BOT;EMERALDS;XIRECS;10000.0;7
94900;BOT;SUBMISSION;EMERALDS;XIRECS;10000.0;5
95700;BOT;SUBMISSION;EMERALDS;XIRECS;10000.0;7
96000;BOT_TAKER;SUBMISSION;EMERALDS;XIRECS;10007.0;8
96800;SUBMISSION;BOT;EMERALDS;XIRECS;10000.0;6
97100;SUBMISSION;BOT;TOMATOES;XIRECS;5008.0;8
97600;BOT;SUBMISSION;TOMATOES;XIRECS;5012.0;7
97600;SUBMISSION;BOT_TAKER;EMERALDS;XIRECS;9993.0;4
99800;SUBMISSION;BOT_TAKER;EMERALDS;XIRECS;9993.0;3
102200;SUBMISSION;BOT_TAKER;TOMATOES;XIRECS;5002.0;2
102500;SUBMISSION;BOT;EMERALDS;XIRECS;10000.0;5
104000;BOT_TAKER;SUBMISSION;TOMATOES;XIRECS;5016.0;3
104100;SUBMISSION;BOT;EMERALDS;XIRECS;10000.0;8
104700;BOT_TAKER;SUBMISSION;TOMATOES;XIRECS;5018.0;3
105200;SUBMISSION;BOT_TAKER;TOMATOES;XIRECS;5008.0;5
107100;BOT_TAKER;SUBMISSION;EMERALDS;XIRECS;10007.0;8
108200;BOT_TAKER;SUBMISSION;TOMATOES;XIRECS;5023.0;5
109700;SUBMISSION;BOT_TAKER;TOMATOES;XIRECS;5014.0;3
111300;BOT_TAKER;SUBMISSION;EMERALDS;XIRECS;10007.0;6
112600;BOT_TAKER;SUBMISSION;TOMATOES;XIRECS;5030.0;4
114200;BOT_TAKER;BOT_MAKER;TOMATOES;XIRECS;5028.0;2
115300;SUBMISSION;BOT_TAKER;TOMATOES;XIRECS;5012.0;4
119600;BOT_TAKER;SUBMISSION;EMERALDS;XIRECS;10007.0;8
119900;SUBMISSION;BOT_TAKER;TOMATOES;XIRECS;5015.0;2
122300;BOT;SUBMISSION;EMERALDS;XIRECS;10000.0;5
122400;BOT_TAKER;SUBMISSION;TOMATOES;XIRECS;5030.0;2
123600;SUBMISSION;BOT;EMERALDS;XIRECS;10000.0;6
123600;BOT_TAKER;SUBMISSION;TOMATOES;XIRECS;5031.0;5
123700;SUBMISSION;BOT_TAKER;TOMATOES;XIRECS;5020.0;3
126200;SUBMISSION;BOT;TOMATOES;XIRECS;5023.0;8
126400;BOT_MAKER;BOT_TAKER;TOMATOES;XIRECS;5018.0;4
126800;SUBMISSION;BOT;EMERALDS;XIRECS;10000.0;7
128100;SUBMISSION;BOT;EMERALDS;XIRECS;10000.0;9
128900;BOT;SUBMISSION;TOMATOES;XIRECS;5027.0;8
129300;BOT_TAKER;SUBMISSION;TOMATOES;XIRECS;5032.0;4
131000;SUBMISSION;BOT;TOMATOES;XIRECS;5027.0;9
131600;BOT;SUBMISSION;EMERALDS;XIRECS;10000.0;7
134100;BOT_TAKER;SUBMISSION;EMERALDS;XIRECS;10007.0;5
134300;SUBMISSION;BOT_TAKER;TOMATOES;XIRECS;5020.0;3
136200;SUBMISSION;BOT_TAKER;EMERALDS;XIRECS;9993.0;8
136300;BOT_TAKER;SUBMISSION;TOMATOES;XIRECS;5028.0;2
137000;BOT_TAKER;SUBMISSION;TOMATOES;XIRECS;5029.0;2
139700;SUBMISSION;BOT_TAKER;EMERALDS;XIRECS;9993.0;4
139700;BOT_TAKER;SUBMISSION;TOMATOES;XIRECS;5030.0;2
141400;SUBMISSION;BOT_TAKER;TOMATOES;XIRECS;5015.0;2
142700;BOT_TAKER;SUBMISSION;TOMATOES;XIRECS;5028.0;2
143800;SUBMISSION;BOT;EMERALDS;XIRECS;10000.0;6
145500;BOT_TAKER;BOT_MAKER;TOMATOES;XIRECS;5027.0;2
145500;BOT_TAKER;SUBMISSION;TOMATOES;XIRECS;5030.0;2
146600;SUBMISSION;BOT_TAKER;EMERALDS;XIRECS;9993.0;8
148400;SUBMISSION;BOT;TOMATOES;XIRECS;5024.0;8
148400;BOT_TAKER;SUBMISSION;TOMATOES;XIRECS;5030.0;4
148800;BOT_TAKER;SUBMISSION;TOMATOES;XIRECS;5032.0;3
149700;BOT;SUBMISSION;EMERALDS;XIRECS;10000.0;5
150100;BOT_TAKER;SUBMISSION;EMERALDS;XIRECS;10007.0;3
152100;SUBMISSION;BOT;EMERALDS;XIRECS;10000.0;7
154400;SUBMISSION;BOT_TAKER;EMERALDS;XIRECS;9993.0;4
155900;BOT;SUBMISSION;EMERALDS;XIRECS;10000.0;7
156600;SUBMISSION;BOT;EMERALDS;XIRECS;10000.0;5
158100;SUBMISSION;BOT_TAKER;EMERALDS;XIRECS;9993.0;7
158700;SUBMISSION;BOT;EMERALDS;XIRECS;10000.0;9
159300;SUBMISSION;BOT;TOMATOES;XIRECS;5023.0;7
159300;SUBMISSION;BOT_TAKER;EMERALDS;XIRECS;9993.0;7
160000;BOT_MAKER;BOT_TAKER;TOMATOES;XIRECS;5017.0;3
161000;BOT;SUBMISSION;TOMATOES;XIRECS;5025.0;7
161100;SUBMISSION;BOT;EMERALDS;XIRECS;10000.0;7
161100;BOT_TAKER;SUBMISSION;TOMATOES;XIRECS;5030.0;2
161200;BOT_TAKER;BOT_MAKER;TOMATOES;XIRECS;5031.0;2
161300;BOT;SUBMISSION;EMERALDS;XIRECS;10000.0;8
162000;BOT;SUBMISSION;EMERALDS;XIRECS;10000.0;7
162300;SUBMISSION;BOT_TAKER;EMERALDS;XIRECS;9993.0;7
167100;SUBMISSION;BOT_TAKER;TOMATOES;XIRECS;5018.0;5
167700;BOT_TAKER;SUBMISSION;TOMATOES;XIRECS;5031.0;5
168500;SUBMISSION;BOT;EMERALDS;XIRECS;10000.0;7
169200;SUBMISSION;BOT_TAKER;EMERALDS;XIRECS;9993.0;6
169500;SUBMISSION;BOT;EMERALDS;XIRECS;10000.0;6
170100;SUBMISSION;BOT;TOMATOES;XIRECS;5023.0;7
170900;BOT;SUBMISSION;TOMATOES;XIRECS;5025.0;2
171400;BOT_TAKER;SUBMISSION;TOMATOES;XIRECS;5031.0;4
171900;SUBMISSION;BOT_TAKER;EMERALDS;XIRECS;9993.0;5
173100;SUBMISSION;BOT;EMERALDS;XIRECS;10000.0;10
173900;SUBMISSION;BOT;EMERALDS;XIRECS;10000.0;7
174000;SUBMISSION;BOT;EMERALDS;XIRECS;10000.0;6
175800;SUBMISSION;BOT_TAKER;EMERALDS;XIRECS;9993.0;5
179100;BOT_TAKER;SUBMISSION;TOMATOES;XIRECS;5035.0;2
179500;SUBMISSION;BOT;TOMATOES;XIRECS;5028.0;11
179800;BOT;SUBMISSION;EMERALDS;XIRECS;10000.0;10
179900;SUBMISSION;BOT;EMERALDS;XIRECS;10000.0;8
179900;SUBMISSION;BOT_TAKER;EMERALDS;XIRECS;9993.0;5
182400;BOT_TAKER;SUBMISSION;TOMATOES;XIRECS;5032.0;3
183800;SUBMISSION;BOT;EMERALDS;XIRECS;10000.0;10
185100;SUBMISSION;BOT;EMERALDS;XIRECS;10000.0;6
186200;BOT_TAKER;SUBMISSION;EMERALDS;XIRECS;10000.0;7
186400;SUBMISSION;BOT_TAKER;TOMATOES;XIRECS;5023.0;5
186500;BOT;SUBMISSION;TOMATOES;XIRECS;5030.0;6
186900;SUBMISSION;BOT_TAKER;EMERALDS;XIRECS;9993.0;7
187100;BOT_TAKER;SUBMISSION;TOMATOES;XIRECS;5034.0;4
187500;BOT;SUBMISSION;EMERALDS;XIRECS;10000.0;5
187900;BOT_TAKER;SUBMISSION;EMERALDS;XIRECS;10007.0;6
188200;SUBMISSION;BOT;EMERALDS;XIRECS;10000.0;7
188400;SUBMISSION;BOT_TAKER;EMERALDS;XIRECS;9993.0;6
189200;SUBMISSION;BOT_TAKER;TOMATOES;XIRECS;5020.0;5
189800;BOT_TAKER;SUBMISSION;TOMATOES;XIRECS;5032.0;3
189900;SUBMISSION;BOT_TAKER;TOMATOES;XIRECS;5020.0;4
192200;BOT;SUBMISSION;EMERALDS;XIRECS;10000.0;8
192300;BOT_TAKER;SUBMISSION;EMERALDS;XIRECS;10007.0;5
194100;SUBMISSION;BOT_TAKER;TOMATOES;XIRECS;5024.0;4
194200;SUBMISSION;BOT;EMERALDS;XIRECS;10000.0;7
194400;BOT;SUBMISSION;TOMATOES;XIRECS;5031.0;6
194600;BOT_TAKER;SUBMISSION;TOMATOES;XIRECS;5036.0;5
194800;BOT_TAKER;SUBMISSION;EMERALDS;XIRECS;10007.0;8
195500;BOT_TAKER;BOT_MAKER;TOMATOES;XIRECS;5030.0;2
195500;BOT_TAKER;BOT_MAKER;TOMATOES;XIRECS;5035.0;1
196300;SUBMISSION;BOT_TAKER;EMERALDS;XIRECS;9993.0;4
196600;SUBMISSION;BOT_TAKER;TOMATOES;XIRECS;5021.0;2
201100;BOT_TAKER;SUBMISSION;TOMATOES;XIRECS;5034.0;5
201200;SUBMISSION;BOT_TAKER;EMERALDS;XIRECS;9993.0;5
202300;SUBMISSION;BOT;EMERALDS;XIRECS;10000.0;6
202500;BOT_TAKER;SUBMISSION;EMERALDS;XIRECS;10000.0;5
202800;SUBMISSION;BOT;EMERALDS;XIRECS;10000.0;6
203200;BOT_TAKER;SUBMISSION;EMERALDS;XIRECS;10000.0;8
204300;SUBMISSION;BOT;TOMATOES;XIRECS;5028.0;7
208200;BOT_TAKER;SUBMISSION;EMERALDS;XIRECS;10007.0;8
208600;SUBMISSION;BOT;EMERALDS;XIRECS;10000.0;5
211200;BOT_TAKER;SUBMISSION;TOMATOES;XIRECS;5036.0;5
212700;BOT_TAKER;SUBMISSION;TOMATOES;XIRECS;5038.0;3
216700;BOT;SUBMISSION;EMERALDS;XIRECS;10000.0;5
217100;SUBMISSION;BOT_TAKER;TOMATOES;XIRECS;5032.0;4
217500;SUBMISSION;BOT;EMERALDS;XIRECS;10000.0;6
217800;BOT_TAKER;SUBMISSION;TOMATOES;XIRECS;5040.0;3
223000;BOT_TAKER;SUBMISSION;EMERALDS;XIRECS;10007.0;3
224400;SUBMISSION;BOT;EMERALDS;XIRECS;10000.0;9
225400;SUBMISSION;BOT;TOMATOES;XIRECS;5029.0;2
228300;BOT_TAKER;SUBMISSION;TOMATOES;XIRECS;5033.0;3
228400;SUBMISSION;BOT;EMERALDS;XIRECS;10000.0;7
228500;SUBMISSION;BOT;TOMATOES;XIRECS;5028.0;4
230500;SUBMISSION;BOT;TOMATOES;XIRECS;5024.0;12
231100;BOT_TAKER;SUBMISSION;EMERALDS;XIRECS;10000.0;8
231700;BOT;SUBMISSION;TOMATOES;XIRECS;5024.0;2
232600;BOT_TAKER;SUBMISSION;EMERALDS;XIRECS;10000.0;5
232700;BOT;SUBMISSION;EMERALDS;XIRECS;10000.0;6
233800;BOT;SUBMISSION;EMERALDS;XIRECS;10000.0;5
234000;BOT;SUBMISSION;TOMATOES;XIRECS;5029.0;7
235100;BOT_TAKER;SUBMISSION;EMERALDS;XIRECS;10007.0;8
236700;SUBMISSION;BOT;EMERALDS;XIRECS;10000.0;5
237000;BOT;SUBMISSION;EMERALDS;XIRECS;10000.0;8
238300;SUBMISSION;BOT;EMERALDS;XIRECS;10000.0;7
240800;BOT;SUBMISSION;EMERALDS;XIRECS;10000.0;10
240800;SUBMISSION;BOT_TAKER;TOMATOES;XIRECS;5024.0;3
242000;SUBMISSION;BOT_TAKER;TOMATOES;XIRECS;5021.0;2
242700;SUBMISSION;BOT;EMERALDS;XIRECS;10000.0;10
243300;SUBMISSION;BOT_TAKER;EMERALDS;XIRECS;9993.0;5
243700;SUBMISSION;BOT_TAKER;EMERALDS;XIRECS;9993.0;7
244200;BOT_TAKER;SUBMISSION;TOMATOES;XIRECS;5034.0;3
244800;SUBMISSION;BOT_TAKER;TOMATOES;XIRECS;5024.0;2
246500;BOT;SUBMISSION;TOMATOES;XIRECS;5031.0;3
246700;SUBMISSION;BOT_TAKER;TOMATOES;XIRECS;5026.0;5
247300;BOT;SUBMISSION;EMERALDS;XIRECS;10000.0;9
247700;SUBMISSION;BOT;EMERALDS;XIRECS;10000.0;8
248400;BOT;SUBMISSION;TOMATOES;XIRECS;5029.0;4
248800;BOT_TAKER;SUBMISSION;TOMATOES;XIRECS;5035.0;2
249400;BOT;SUBMISSION;EMERALDS;XIRECS;10000.0;5
249700;BOT_TAKER;SUBMISSION;TOMATOES;XIRECS;5035.0;2
250400;SUBMISSION;BOT_TAKER;EMERALDS;XIRECS;9993.0;8
250600;SUBMISSION;BOT_TAKER;TOMATOES;XIRECS;5025.0;3
250900;SUBMISSION;BOT_TAKER;EMERALDS;XIRECS;9993.0;3
251300;BOT;SUBMISSION;EMERALDS;XIRECS;10000.0;7
251600;SUBMISSION;BOT_TAKER;TOMATOES;XIRECS;5026.0;3
252400;SUBMISSION;BOT;EMERALDS;XIRECS;10000.0;7
253100;BOT;SUBMISSION;EMERALDS;XIRECS;10000.0;10
253700;SUBMISSION;BOT;EMERALDS;XIRECS;10000.0;8
254700;BOT;SUBMISSION;TOMATOES;XIRECS;5028.0;2
254700;SUBMISSION;BOT_TAKER;EMERALDS;XIRECS;9993.0;8
255300;SUBMISSION;BOT;EMERALDS;XIRECS;10000.0;7
255700;SUBMISSION;BOT_TAKER;TOMATOES;XIRECS;5024.0;3
257100;BOT_TAKER;SUBMISSION;EMERALDS;XIRECS;10000.0;3
259400;BOT;SUBMISSION;EMERALDS;XIRECS;10000.0;5
259600;BOT;SUBMISSION;TOMATOES;XIRECS;5033.0;6
260300;SUBMISSION;BOT;EMERALDS;XIRECS;10000.0;7
262400;BOT_TAKER;SUBMISSION;TOMATOES;XIRECS;5038.0;2
263800;BOT;SUBMISSION;EMERALDS;XIRECS;10000.0;6
263800;BOT_TAKER;SUBMISSION;EMERALDS;XIRECS;10000.0;7
264100;SUBMISSION;BOT;EMERALDS;XIRECS;10000.0;6
264100;SUBMISSION;BOT;TOMATOES;XIRECS;5031.0;7
264100;SUBMISSION;BOT_TAKER;TOMATOES;XIRECS;5027.0;5
264300;BOT;SUBMISSION;TOMATOES;XIRECS;5031.0;4
266000;BOT_TAKER;SUBMISSION;TOMATOES;XIRECS;5038.0;2
266200;SUBMISSION;BOT;EMERALDS;XIRECS;10000.0;6
266500;BOT_MAKER;BOT_TAKER;TOMATOES;XIRECS;5026.0;3
267300;BOT;SUBMISSION;EMERALDS;XIRECS;10000.0;7
268200;SUBMISSION;BOT_TAKER;TOMATOES;XIRECS;5026.0;5
268400;BOT_MAKER;BOT_TAKER;TOMATOES;XIRECS;5023.0;3
269700;BOT;SUBMISSION;TOMATOES;XIRECS;5031.0;9
269700;SUBMISSION;BOT_TAKER;TOMATOES;XIRECS;5025.0;2
270800;SUBMISSION;BOT_TAKER;EMERALDS;XIRECS;9993.0;8
272000;SUBMISSION;BOT;EMERALDS;XIRECS;10000.0;1
272800;BOT;SUBMISSION;EMERALDS;XIRECS;10000.0;8
272800;BOT_MAKER;BOT_TAKER;EMERALDS;XIRECS;9992.0;6
273000;SUBMISSION;BOT;EMERALDS;XIRECS;10000.0;5
275600;SUBMISSION;BOT_TAKER;TOMATOES;XIRECS;5026.0;2
276200;SUBMISSION;BOT;EMERALDS;XIRECS;10000.0;3
277900;BOT_TAKER;SUBMISSION;TOMATOES;XIRECS;5038.0;5
278700;BOT_MAKER;BOT_TAKER;EMERALDS;XIRECS;9992.0;6
279800;SUBMISSION;BOT_TAKER;TOMATOES;XIRECS;5031.0;4
280500;BOT_TAKER;SUBMISSION;TOMATOES;XIRECS;5042.0;2
283700;BOT_MAKER;BOT_TAKER;TOMATOES;XIRECS;5033.0;4
285300;BOT_TAKER;SUBMISSION;EMERALDS;XIRECS;10000.0;5
285400;BOT_TAKER;SUBMISSION;TOMATOES;XIRECS;5045.0;4
285700;SUBMISSION;BOT_TAKER;TOMATOES;XIRECS;5034.0;4
286100;BOT_TAKER;SUBMISSION;EMERALDS;XIRECS;10000.0;5
286600;BOT;SUBMISSION;EMERALDS;XIRECS;10000.0;9
286900;BOT_TAKER;SUBMISSION;TOMATOES;XIRECS;5044.0;4
288400;SUBMISSION;BOT;TOMATOES;XIRECS;5037.0;5
289500;SUBMISSION;BOT_TAKER;TOMATOES;XIRECS;5030.0;5
289800;BOT_MAKER;BOT_TAKER;TOMATOES;XIRECS;5030.0;5
290800;SUBMISSION;BOT_TAKER;TOMATOES;XIRECS;5031.0;3
291900;BOT;SUBMISSION;TOMATOES;XIRECS;5034.0;3
295000;SUBMISSION;BOT_TAKER;EMERALDS;XIRECS;9993.0;7
296600;BOT;SUBMISSION;TOMATOES;XIRECS;5038.0;5
296700;SUBMISSION;BOT;EMERALDS;XIRECS;10000.0;6
297000;SUBMISSION;BOT;EMERALDS;XIRECS;10000.0;6
298200;BOT_TAKER;SUBMISSION;TOMATOES;XIRECS;5044.0;3
301700;SUBMISSION;BOT_TAKER;TOMATOES;XIRECS;5032.0;4
304600;SUBMISSION;BOT_TAKER;TOMATOES;XIRECS;5031.0;3
304900;BOT;SUBMISSION;TOMATOES;XIRECS;5035.0;2
306100;BOT_TAKER;SUBMISSION;EMERALDS;XIRECS;10000.0;4
306600;BOT_TAKER;SUBMISSION;EMERALDS;XIRECS;10000.0;8
306600;BOT_TAKER;SUBMISSION;TOMATOES;XIRECS;5040.0;3
307300;SUBMISSION;BOT_TAKER;EMERALDS;XIRECS;9993.0;7
307800;SUBMISSION;BOT_TAKER;EMERALDS;XIRECS;9993.0;5
310900;BOT_TAKER;SUBMISSION;TOMATOES;XIRECS;5037.0;3
311200;BOT_MAKER;BOT_TAKER;EMERALDS;XIRECS;9992.0;4
313100;BOT_MAKER;BOT_TAKER;EMERALDS;XIRECS;9992.0;6
313200;SUBMISSION;BOT_TAKER;TOMATOES;XIRECS;5028.0;3
314600;BOT_TAKER;SUBMISSION;TOMATOES;XIRECS;5040.0;5
316900;BOT_MAKER;BOT_TAKER;EMERALDS;XIRECS;9992.0;3
321800;SUBMISSION;BOT;TOMATOES;XIRECS;5030.0;5
325200;BOT_TAKER;SUBMISSION;TOMATOES;XIRECS;5036.0;5
327300;BOT;SUBMISSION;EMERALDS;XIRECS;10000.0;8
327500;BOT;SUBMISSION;EMERALDS;XIRECS;10000.0;6
328500;BOT;SUBMISSION;EMERALDS;XIRECS;10000.0;5
328800;BOT;SUBMISSION;EMERALDS;XIRECS;10000.0;6
328900;SUBMISSION;BOT_TAKER;EMERALDS;XIRECS;9993.0;5
330100;SUBMISSION;BOT_TAKER;TOMATOES;XIRECS;5031.0;3
330200;SUBMISSION;BOT;EMERALDS;XIRECS;10000.0;8
332000;SUBMISSION;BOT_TAKER;EMERALDS;XIRECS;9993.0;5
332400;SUBMISSION;BOT_TAKER;EMERALDS;XIRECS;9993.0;5
332800;BOT_TAKER;SUBMISSION;TOMATOES;XIRECS;5042.0;5
333400;SUBMISSION;BOT_TAKER;EMERALDS;XIRECS;9993.0;2
333400;BOT_MAKER;BOT_TAKER;EMERALDS;XIRECS;9992.0;1
334900;SUBMISSION;BOT;TOMATOES;XIRECS;5034.0;12
335300;BOT;SUBMISSION;TOMATOES;XIRECS;5034.0;6
335600;BOT;SUBMISSION;EMERALDS;XIRECS;10000.0;9
335700;BOT;SUBMISSION;EMERALDS;XIRECS;10000.0;9
336300;BOT;SUBMISSION;EMERALDS;XIRECS;10000.0;9
336500;SUBMISSION;BOT_TAKER;EMERALDS;XIRECS;9993.0;8
337700;BOT_MAKER;BOT_TAKER;TOMATOES;XIRECS;5040.0;2
337800;SUBMISSION;BOT_TAKER;EMERALDS;XIRECS;9993.0;7
338300;SUBMISSION;BOT_TAKER;TOMATOES;XIRECS;5033.0;2
338800;BOT_TAKER;SUBMISSION;EMERALDS;XIRECS;10007.0;4
340500;SUBMISSION;BOT_TAKER;TOMATOES;XIRECS;5030.0;4
340800;BOT_MAKER;BOT_TAKER;TOMATOES;XIRECS;5030.0;4
344600;BOT;SUBMISSION;TOMATOES;XIRECS;5038.0;3
345000;SUBMISSION;BOT;EMERALDS;XIRECS;10000.0;7
345800;SUBMISSION;BOT;EMERALDS;XIRECS;10000.0;9
346000;BOT;SUBMISSION;EMERALDS;XIRECS;10000.0;10
346100;BOT_MAKER;BOT_TAKER;TOMATOES;XIRECS;5033.0;3
346300;SUBMISSION;BOT;EMERALDS;XIRECS;10000.0;9
346300;BOT_MAKER;BOT_TAKER;TOMATOES;XIRECS;5033.0;4
347000;SUBMISSION;BOT;EMERALDS;XIRECS;10000.0;1
347000;BOT_TAKER;BOT_MAKER;EMERALDS;XIRECS;10000.0;7
347000;BOT_TAKER;SUBMISSION;EMERALDS;XIRECS;10000.0;1
347800;SUBMISSION;BOT;EMERALDS;XIRECS;10000.0;1
348300;BOT;SUBMISSION;EMERALDS;XIRECS;10000.0;7
348400;BOT_TAKER;SUBMISSION;EMERALDS;XIRECS;10000.0;5
348500;SUBMISSION;BOT;EMERALDS;XIRECS;10000.0;7
348900;SUBMISSION;BOT_TAKER;EMERALDS;XIRECS;9993.0;5
348900;BOT_MAKER;BOT_TAKER;EMERALDS;XIRECS;9992.0;1
351100;SUBMISSION;BOT_TAKER;TOMATOES;XIRECS;5034.0;4
351200;BOT_MAKER;BOT_TAKER;TOMATOES;XIRECS;5033.0;2
351500;BOT;SUBMISSION;EMERALDS;XIRECS;10000.0;7
353900;BOT_TAKER;SUBMISSION;EMERALDS;XIRECS;10000.0;6
353900;SUBMISSION;BOT_TAKER;TOMATOES;XIRECS;5031.0;4
354700;SUBMISSION;BOT;EMERALDS;XIRECS;10000.0;10
356300;BOT_TAKER;SUBMISSION;EMERALDS;XIRECS;10000.0;3
356500;BOT;SUBMISSION;EMERALDS;XIRECS;10000.0;10
356500;BOT_TAKER;SUBMISSION;EMERALDS;XIRECS;10000.0;7
356600;BOT;SUBMISSION;EMERALDS;XIRECS;10000.0;5
357300;BOT_MAKER;BOT_TAKER;TOMATOES;XIRECS;5028.0;5
358900;BOT;SUBMISSION;EMERALDS;XIRECS;10000.0;6
359400;BOT;SUBMISSION;TOMATOES;XIRECS;5034.0;10
360400;BOT;SUBMISSION;TOMATOES;XIRECS;5036.0;5
360600;SUBMISSION;BOT_TAKER;TOMATOES;XIRECS;5029.0;2
361700;SUBMISSION;BOT_TAKER;EMERALDS;XIRECS;9993.0;3
362000;SUBMISSION;BOT_TAKER;EMERALDS;XIRECS;9993.0;7
362800;SUBMISSION;BOT_TAKER;EMERALDS;XIRECS;9993.0;6
363400;SUBMISSION;BOT_TAKER;EMERALDS;XIRECS;9993.0;3
364300;SUBMISSION;BOT;EMERALDS;XIRECS;10000.0;5
365200;BOT_TAKER;BOT_MAKER;TOMATOES;XIRECS;5038.0;5
366200;SUBMISSION;BOT;TOMATOES;XIRECS;5031.0;3
368600;BOT_MAKER;BOT_TAKER;TOMATOES;XIRECS;5030.0;3
369200;BOT;SUBMISSION;EMERALDS;XIRECS;10000.0;5
374500;BOT_TAKER;SUBMISSION;TOMATOES;XIRECS;5042.0;5
375500;BOT_TAKER;SUBMISSION;EMERALDS;XIRECS;10007.0;3
376200;SUBMISSION;BOT_TAKER;TOMATOES;XIRECS;5031.0;5
377900;SUBMISSION;BOT_TAKER;TOMATOES;XIRECS;5029.0;4
378000;BOT_MAKER;BOT_TAKER;TOMATOES;XIRECS;5029.0;5
378200;SUBMISSION;BOT_TAKER;EMERALDS;XIRECS;9993.0;6
379300;SUBMISSION;BOT;EMERALDS;XIRECS;10000.0;5
381000;BOT;SUBMISSION;TOMATOES;XIRECS;5037.0;5
384700;SUBMISSION;BOT_TAKER;EMERALDS;XIRECS;9993.0;7
384700;BOT_MAKER;BOT_TAKER;EMERALDS;XIRECS;9992.0;1
384700;BOT_TAKER;SUBMISSION;TOMATOES;XIRECS;5044.0;4
385700;BOT_TAKER;SUBMISSION;EMERALDS;XIRECS;10000.0;8
385900;SUBMISSION;BOT;TOMATOES;XIRECS;5037.0;8
386200;BOT;SUBMISSION;TOMATOES;XIRECS;5038.0;10
386400;BOT_TAKER;BOT_MAKER;TOMATOES;XIRECS;5044.0;2
386600;BOT;SUBMISSION;EMERALDS;XIRECS;10000.0;6
387400;SUBMISSION;BOT;EMERALDS;XIRECS;10000.0;10
387400;SUBMISSION;BOT_TAKER;TOMATOES;XIRECS;5029.0;2
388300;SUBMISSION;BOT_TAKER;TOMATOES;XIRECS;5029.0;4
391900;BOT;SUBMISSION;EMERALDS;XIRECS;10000.0;9
391900;BOT_TAKER;SUBMISSION;EMERALDS;XIRECS;10000.0;5
392200;BOT;SUBMISSION;EMERALDS;XIRECS;10000.0;10
393300;SUBMISSION;BOT_TAKER;TOMATOES;XIRECS;5027.0;3
394700;BOT;SUBMISSION;EMERALDS;XIRECS;10000.0;9
396400;SUBMISSION;BOT;EMERALDS;XIRECS;10000.0;7
396400;BOT_MAKER;BOT_TAKER;TOMATOES;XIRECS;5022.0;3
396600;SUBMISSION;BOT;EMERALDS;XIRECS;10000.0;10
397000;BOT_MAKER;BOT_TAKER;TOMATOES;XIRECS;5023.0;4
397800;SUBMISSION;BOT_TAKER;TOMATOES;XIRECS;5022.0;4
398300;SUBMISSION;BOT_TAKER;EMERALDS;XIRECS;9993.0;4
399000;SUBMISSION;BOT;EMERALDS;XIRECS;10000.0;7
399100;BOT;SUBMISSION;TOMATOES;XIRECS;5025.0;3
400400;SUBMISSION;BOT_TAKER;TOMATOES;XIRECS;5022.0;3
401400;BOT_TAKER;SUBMISSION;TOMATOES;XIRECS;5031.0;2
403500;BOT_MAKER;BOT_TAKER;TOMATOES;XIRECS;5023.0;3
403900;BOT_TAKER;SUBMISSION;TOMATOES;XIRECS;5028.0;4
404200;BOT;SUBMISSION;EMERALDS;XIRECS;10000.0;9
404300;SUBMISSION;BOT;EMERALDS;XIRECS;10000.0;7
404500;BOT_TAKER;SUBMISSION;TOMATOES;XIRECS;5028.0;5
405600;SUBMISSION;BOT;TOMATOES;XIRECS;5021.0;7
409000;BOT;SUBMISSION;EMERALDS;XIRECS;10000.0;8
409600;BOT_TAKER;SUBMISSION;TOMATOES;XIRECS;5024.0;3
409900;SUBMISSION;BOT_TAKER;EMERALDS;XIRECS;9993.0;5
410700;BOT_TAKER;SUBMISSION;TOMATOES;XIRECS;5023.0;2
410800;SUBMISSION;BOT;TOMATOES;XIRECS;5017.0;2
413000;BOT_TAKER;SUBMISSION;TOMATOES;XIRECS;5024.0;2
413700;SUBMISSION;BOT;EMERALDS;XIRECS;10000.0;10
415100;SUBMISSION;BOT;EMERALDS;XIRECS;10000.0;4
415800;BOT_TAKER;SUBMISSION;EMERALDS;XIRECS;10000.0;6
416000;BOT_TAKER;SUBMISSION;TOMATOES;XIRECS;5023.0;3
416100;BOT_TAKER;BOT_MAKER;TOMATOES;XIRECS;5024.0;5
416400;BOT_TAKER;BOT_MAKER;TOMATOES;XIRECS;5023.0;3
416500;SUBMISSION;BOT;TOMATOES;XIRECS;5018.0;2
417300;BOT_TAKER;BOT_MAKER;TOMATOES;XIRECS;5018.0;5
418000;SUBMISSION;BOT;TOMATOES;XIRECS;5018.0;2
418600;SUBMISSION;BOT_TAKER;TOMATOES;XIRECS;5011.0;5
421800;SUBMISSION;BOT_TAKER;EMERALDS;XIRECS;9993.0;6
421800;BOT_MAKER;BOT_TAKER;EMERALDS;XIRECS;9992.0;1
421900;BOT;SUBMISSION;TOMATOES;XIRECS;5019.0;9
423600;BOT_TAKER;BOT_MAKER;TOMATOES;XIRECS;5026.0;3
424300;BOT_MAKER;BOT_TAKER;EMERALDS;XIRECS;9992.0;6
425800;BOT;SUBMISSION;EMERALDS;XIRECS;10000.0;8
427300;SUBMISSION;BOT;TOMATOES;XIRECS;5018.0;2
427600;SUBMISSION;BOT;EMERALDS;XIRECS;10000.0;5
427600;BOT_TAKER;SUBMISSION;TOMATOES;XIRECS;5023.0;5
427900;BOT_TAKER;BOT_MAKER;TOMATOES;XIRECS;5023.0;2
428400;SUBMISSION;BOT;TOMATOES;XIRECS;5015.0;12
428600;BOT;SUBMISSION;EMERALDS;XIRECS;10000.0;8
428700;BOT_TAKER;SUBMISSION;EMERALDS;XIRECS;10007.0;3
429100;BOT;SUBMISSION;EMERALDS;XIRECS;10000.0;5
429400;BOT_TAKER;SUBMISSION;TOMATOES;XIRECS;5025.0;4
430600;SUBMISSION;BOT;TOMATOES;XIRECS;5016.0;10
431400;BOT;SUBMISSION;TOMATOES;XIRECS;5015.0;3
431600;BOT_TAKER;SUBMISSION;EMERALDS;XIRECS;10007.0;5
432200;BOT;SUBMISSION;EMERALDS;XIRECS;10000.0;6
432500;BOT_MAKER;BOT_TAKER;TOMATOES;XIRECS;5010.0;3
432800;SUBMISSION;BOT;EMERALDS;XIRECS;10000.0;6
433900;BOT_TAKER;SUBMISSION;EMERALDS;XIRECS;10007.0;3
436000;SUBMISSION;BOT;EMERALDS;XIRECS;10000.0;9
436000;BOT;SUBMISSION;TOMATOES;XIRECS;5016.0;5
436400;SUBMISSION;BOT_TAKER;TOMATOES;XIRECS;5011.0;3
436500;BOT_TAKER;SUBMISSION;TOMATOES;XIRECS;5022.0;5
437500;BOT_TAKER;SUBMISSION;TOMATOES;XIRECS;5023.0;3
437600;SUBMISSION;BOT;TOMATOES;XIRECS;5017.0;4
438100;SUBMISSION;BOT_TAKER;TOMATOES;XIRECS;5010.0;5
438300;BOT_TAKER;SUBMISSION;TOMATOES;XIRECS;5021.0;5
440000;BOT;SUBMISSION;EMERALDS;XIRECS;10000.0;7
440400;SUBMISSION;BOT_TAKER;TOMATOES;XIRECS;5010.0;4
442700;BOT;SUBMISSION;EMERALDS;XIRECS;10000.0;8
443100;BOT_TAKER;SUBMISSION;EMERALDS;XIRECS;10007.0;4
443100;BOT_MAKER;BOT_TAKER;TOMATOES;XIRECS;5010.0;3
444700;BOT;SUBMISSION;EMERALDS;XIRECS;10000.0;8
445200;SUBMISSION;BOT_TAKER;TOMATOES;XIRECS;5012.0;3
445500;BOT_TAKER;SUBMISSION;TOMATOES;XIRECS;5023.0;2
446300;BOT;SUBMISSION;TOMATOES;XIRECS;5017.0;4
446400;SUBMISSION;BOT_TAKER;EMERALDS;XIRECS;9993.0;7
446900;SUBMISSION;BOT;EMERALDS;XIRECS;10000.0;5
447300;BOT;SUBMISSION;EMERALDS;XIRECS;10000.0;10
448400;SUBMISSION;BOT;EMERALDS;XIRECS;10000.0;9
450100;BOT;SUBMISSION;EMERALDS;XIRECS;10000.0;9
451200;BOT;SUBMISSION;EMERALDS;XIRECS;10000.0;9
452000;SUBMISSION;BOT_TAKER;EMERALDS;XIRECS;9993.0;4
452400;BOT_TAKER;SUBMISSION;TOMATOES;XIRECS;5022.0;2
452800;SUBMISSION;BOT;EMERALDS;XIRECS;10000.0;5
452800;BOT_TAKER;SUBMISSION;EMERALDS;XIRECS;10001.0;3
453600;SUBMISSION;BOT;EMERALDS;XIRECS;10000.0;8
456000;BOT_TAKER;SUBMISSION;TOMATOES;XIRECS;5022.0;2
456200;SUBMISSION;BOT_TAKER;TOMATOES;XIRECS;5009.0;4
456300;SUBMISSION;BOT;EMERALDS;XIRECS;10000.0;8
456700;BOT;SUBMISSION;EMERALDS;XIRECS;10000.0;9
457600;SUBMISSION;BOT;TOMATOES;XIRECS;5011.0;6
458500;BOT_TAKER;SUBMISSION;TOMATOES;XIRECS;5019.0;2
459000;SUBMISSION;BOT;EMERALDS;XIRECS;10000.0;7
460800;BOT;SUBMISSION;TOMATOES;XIRECS;5008.0;2
463600;BOT_TAKER;SUBMISSION;TOMATOES;XIRECS;5017.0;3
463800;BOT_TAKER;SUBMISSION;EMERALDS;XIRECS;10007.0;8
464900;BOT_TAKER;SUBMISSION;TOMATOES;XIRECS;5015.0;2
465100;BOT;SUBMISSION;EMERALDS;XIRECS;10000.0;5
466300;SUBMISSION;BOT;EMERALDS;XIRECS;10000.0;7
466300;BOT_TAKER;SUBMISSION;TOMATOES;XIRECS;5010.0;3
466600;BOT_TAKER;SUBMISSION;EMERALDS;XIRECS;10007.0;8
467400;SUBMISSION;BOT_TAKER;TOMATOES;XIRECS;4996.0;4
469800;SUBMISSION;BOT;EMERALDS;XIRECS;10000.0;10
470100;SUBMISSION;BOT;EMERALDS;XIRECS;10000.0;6
470700;SUBMISSION;BOT;EMERALDS;XIRECS;10000.0;10
470800;BOT;SUBMISSION;EMERALDS;XIRECS;10000.0;6
471000;BOT;SUBMISSION;EMERALDS;XIRECS;10000.0;9
471600;SUBMISSION;BOT_TAKER;TOMATOES;XIRECS;5002.0;2
471900;SUBMISSION;BOT_TAKER;TOMATOES;XIRECS;5001.0;2
473000;BOT;SUBMISSION;EMERALDS;XIRECS;10000.0;5
473800;BOT_TAKER;SUBMISSION;TOMATOES;XIRECS;5011.0;4
474000;SUBMISSION;BOT_TAKER;TOMATOES;XIRECS;5001.0;5
474400;BOT_TAKER;SUBMISSION;TOMATOES;XIRECS;5013.0;3
474700;SUBMISSION;BOT_TAKER;TOMATOES;XIRECS;5001.0;3
475200;SUBMISSION;BOT;EMERALDS;XIRECS;10000.0;9
475400;SUBMISSION;BOT;EMERALDS;XIRECS;10000.0;5
475500;BOT;SUBMISSION;EMERALDS;XIRECS;10000.0;9
477400;SUBMISSION;BOT;EMERALDS;XIRECS;10000.0;6
478400;BOT_MAKER;BOT_TAKER;TOMATOES;XIRECS;5000.0;4
482400;BOT_MAKER;BOT_TAKER;TOMATOES;XIRECS;4993.0;2
483200;BOT;SUBMISSION;TOMATOES;XIRECS;5001.0;5
483200;BOT_MAKER;BOT_TAKER;TOMATOES;XIRECS;4994.0;4
484100;SUBMISSION;BOT;EMERALDS;XIRECS;10000.0;8
485100;BOT_TAKER;SUBMISSION;TOMATOES;XIRECS;5003.0;5
486600;SUBMISSION;BOT;EMERALDS;XIRECS;10000.0;10
486600;BOT_TAKER;SUBMISSION;TOMATOES;XIRECS;5004.0;2
487400;SUBMISSION;BOT_TAKER;TOMATOES;XIRECS;4991.0;2
489000;SUBMISSION;BOT;TOMATOES;XIRECS;4995.0;6
489200;SUBMISSION;BOT;EMERALDS;XIRECS;10000.0;7
490200;SUBMISSION;BOT_TAKER;EMERALDS;XIRECS;9993.0;4
490300;SUBMISSION;BOT_TAKER;TOMATOES;XIRECS;4990.0;2
491000;BOT;SUBMISSION;EMERALDS;XIRECS;10000.0;5
492400;BOT_TAKER;SUBMISSION;EMERALDS;XIRECS;10000.0;7
493700;BOT_TAKER;SUBMISSION;EMERALDS;XIRECS;10007.0;5
493800;SUBMISSION;BOT_TAKER;TOMATOES;XIRECS;4987.0;4
493900;BOT;SUBMISSION;TOMATOES;XIRECS;4993.0;9
494700;BOT;SUBMISSION;EMERALDS;XIRECS;10000.0;9
495300;BOT;SUBMISSION;EMERALDS;XIRECS;10000.0;7
495600;SUBMISSION;BOT;EMERALDS;XIRECS;10000.0;6
496600;SUBMISSION;BOT_TAKER;TOMATOES;XIRECS;4988.0;5
497700;BOT;SUBMISSION;EMERALDS;XIRECS;10000.0;8
498100;SUBMISSION;BOT;EMERALDS;XIRECS;10000.0;8
498600;SUBMISSION;BOT;EMERALDS;XIRECS;10000.0;8
501000;BOT;SUBMISSION;EMERALDS;XIRECS;10000.0;10
501100;BOT_TAKER;SUBMISSION;EMERALDS;XIRECS;10007.0;3
502000;BOT;SUBMISSION;EMERALDS;XIRECS;10000.0;8
502400;BOT;SUBMISSION;EMERALDS;XIRECS;10000.0;10
504100;SUBMISSION;BOT_TAKER;EMERALDS;XIRECS;9993.0;6
504200;BOT_TAKER;SUBMISSION;TOMATOES;XIRECS;5000.0;4
505500;SUBMISSION;BOT_TAKER;EMERALDS;XIRECS;9993.0;6
508000;BOT_TAKER;SUBMISSION;EMERALDS;XIRECS;10007.0;7
508300;SUBMISSION;BOT_TAKER;TOMATOES;XIRECS;4990.0;5
508600;SUBMISSION;BOT;EMERALDS;XIRECS;10000.0;5
508700;SUBMISSION;BOT;EMERALDS;XIRECS;10000.0;5
511200;BOT_TAKER;SUBMISSION;EMERALDS;XIRECS;10007.0;5
513000;BOT_TAKER;SUBMISSION;TOMATOES;XIRECS;5005.0;2
513500;SUBMISSION;BOT_TAKER;TOMATOES;XIRECS;4992.0;5
514100;BOT;SUBMISSION;TOMATOES;XIRECS;5000.0;12
517900;BOT_TAKER;SUBMISSION;TOMATOES;XIRECS;5007.0;3
518300;SUBMISSION;BOT;TOMATOES;XIRECS;5001.0;8
519400;SUBMISSION;BOT_TAKER;TOMATOES;XIRECS;4996.0;2
519700;SUBMISSION;BOT_TAKER;TOMATOES;XIRECS;4995.0;3
519900;BOT;SUBMISSION;TOMATOES;XIRECS;5003.0;6
520600;BOT_MAKER;BOT_TAKER;TOMATOES;XIRECS;5001.0;2
523000;BOT;SUBMISSION;EMERALDS;XIRECS;10000.0;9
523600;BOT_TAKER;BOT_MAKER;TOMATOES;XIRECS;5006.0;4
524600;SUBMISSION;BOT_TAKER;TOMATOES;XIRECS;4995.0;2
525700;SUBMISSION;BOT_TAKER;TOMATOES;XIRECS;4996.0;5
526000;BOT;SUBMISSION;TOMATOES;XIRECS;5000.0;3
526800;BOT_TAKER;BOT_MAKER;TOMATOES;XIRECS;5002.0;3
527000;SUBMISSION;BOT;EMERALDS;XIRECS;10000.0;7
528100;SUBMISSION;BOT_TAKER;TOMATOES;XIRECS;4998.0;4
532700;BOT_MAKER;BOT_TAKER;TOMATOES;XIRECS;4999.0;4
533100;BOT;SUBMISSION;TOMATOES;XIRECS;5005.0;3
534100;SUBMISSION;BOT_TAKER;EMERALDS;XIRECS;9993.0;4
535700;BOT_TAKER;SUBMISSION;EMERALDS;XIRECS;10007.0;5
540100;BOT_TAKER;SUBMISSION;TOMATOES;XIRECS;5007.0;2
540300;BOT_TAKER;SUBMISSION;EMERALDS;XIRECS;10007.0;7
540500;BOT;SUBMISSION;EMERALDS;XIRECS;10000.0;7
541500;BOT_TAKER;SUBMISSION;TOMATOES;XIRECS;5007.0;3
542400;BOT;SUBMISSION;EMERALDS;XIRECS;10000.0;6
542700;BOT_TAKER;SUBMISSION;TOMATOES;XIRECS;5004.0;5
544900;SUBMISSION;BOT;TOMATOES;XIRECS;4997.0;6
545300;BOT_TAKER;SUBMISSION;TOMATOES;XIRECS;5004.0;5
545600;BOT_TAKER;SUBMISSION;EMERALDS;XIRECS;10007.0;7
546300;SUBMISSION;BOT;TOMATOES;XIRECS;5000.0;5
547000;BOT;SUBMISSION;EMERALDS;XIRECS;10000.0;5
548000;SUBMISSION;BOT_TAKER;EMERALDS;XIRECS;9993.0;3
549300;BOT_TAKER;SUBMISSION;EMERALDS;XIRECS;10007.0;8
549300;BOT_TAKER;SUBMISSION;TOMATOES;XIRECS;5014.0;3
549900;SUBMISSION;BOT_TAKER;EMERALDS;XIRECS;9993.0;3
550100;SUBMISSION;BOT;TOMATOES;XIRECS;5006.0;3
550300;SUBMISSION;BOT;EMERALDS;XIRECS;10000.0;7
550600;SUBMISSION;BOT;EMERALDS;XIRECS;10000.0;6
550600;BOT_TAKER;SUBMISSION;TOMATOES;XIRECS;5013.0;4
550900;BOT;SUBMISSION;EMERALDS;XIRECS;10000.0;5
551800;BOT;SUBMISSION;EMERALDS;XIRECS;10000.0;5
553000;BOT_TAKER;SUBMISSION;TOMATOES;XIRECS;5009.0;2
553100;SUBMISSION;BOT;EMERALDS;XIRECS;10000.0;8
554700;SUBMISSION;BOT_TAKER;TOMATOES;XIRECS;5000.0;3
555500;SUBMISSION;BOT;EMERALDS;XIRECS;10000.0;6
555900;SUBMISSION;BOT;EMERALDS;XIRECS;10000.0;7
556100;BOT_TAKER;SUBMISSION;TOMATOES;XIRECS;5009.0;3
556200;SUBMISSION;BOT;EMERALDS;XIRECS;10000.0;10
556900;SUBMISSION;BOT;TOMATOES;XIRECS;5004.0;2
557400;BOT_TAKER;SUBMISSION;TOMATOES;XIRECS;5010.0;4
557500;SUBMISSION;BOT;TOMATOES;XIRECS;5006.0;3
558000;BOT;SUBMISSION;EMERALDS;XIRECS;10000.0;10
558100;SUBMISSION;BOT_TAKER;EMERALDS;XIRECS;9993.0;5
558300;BOT;SUBMISSION;EMERALDS;XIRECS;10000.0;7
558400;SUBMISSION;BOT;EMERALDS;XIRECS;10000.0;10
558900;SUBMISSION;BOT;TOMATOES;XIRECS;5004.0;4
559400;SUBMISSION;BOT_TAKER;EMERALDS;XIRECS;9993.0;7
560300;SUBMISSION;BOT_TAKER;EMERALDS;XIRECS;9993.0;5
560700;SUBMISSION;BOT;EMERALDS;XIRECS;10000.0;6
562000;BOT_TAKER;SUBMISSION;TOMATOES;XIRECS;5009.0;3
562500;BOT_TAKER;SUBMISSION;TOMATOES;XIRECS;5008.0;4
563400;SUBMISSION;BOT_TAKER;EMERALDS;XIRECS;9993.0;5
565200;BOT;SUBMISSION;EMERALDS;XIRECS;10000.0;10
565700;SUBMISSION;BOT;TOMATOES;XIRECS;5004.0;2
566300;SUBMISSION;BOT;TOMATOES;XIRECS;5005.0;5
566900;BOT;SUBMISSION;EMERALDS;XIRECS;10000.0;8
567300;SUBMISSION;BOT;TOMATOES;XIRECS;5000.0;3
569700;BOT_TAKER;SUBMISSION;TOMATOES;XIRECS;5007.0;5
573500;BOT_TAKER;SUBMISSION;TOMATOES;XIRECS;5009.0;5
575800;BOT;SUBMISSION;EMERALDS;XIRECS;10000.0;9
576300;BOT_TAKER;BOT_MAKER;TOMATOES;XIRECS;5007.0;2
580100;SUBMISSION;BOT_TAKER;EMERALDS;XIRECS;9993.0;6
580200;SUBMISSION;BOT;TOMATOES;XIRECS;4997.0;2
580900;SUBMISSION;BOT;TOMATOES;XIRECS;4992.0;11
581100;SUBMISSION;BOT;EMERALDS;XIRECS;10000.0;5
582500;BOT_TAKER;SUBMISSION;TOMATOES;XIRECS;4999.0;3
582600;SUBMISSION;BOT_TAKER;EMERALDS;XIRECS;9993.0;6
582900;BOT;SUBMISSION;EMERALDS;XIRECS;10000.0;6
583200;SUBMISSION;BOT_TAKER;EMERALDS;XIRECS;9993.0;8
583200;BOT_TAKER;SUBMISSION;TOMATOES;XIRECS;5001.0;5
583400;SUBMISSION;BOT;EMERALDS;XIRECS;10000.0;10
584400;BOT_TAKER;SUBMISSION;EMERALDS;XIRECS;10007.0;5
584600;BOT_TAKER;SUBMISSION;EMERALDS;XIRECS;10007.0;6
585800;BOT;SUBMISSION;EMERALDS;XIRECS;10000.0;6
586700;SUBMISSION;BOT_TAKER;TOMATOES;XIRECS;4992.0;5
589300;SUBMISSION;BOT;EMERALDS;XIRECS;10000.0;8
590500;SUBMISSION;BOT;EMERALDS;XIRECS;10000.0;9
592700;SUBMISSION;BOT;EMERALDS;XIRECS;10000.0;7
592700;SUBMISSION;BOT_TAKER;EMERALDS;XIRECS;9993.0;6
593100;SUBMISSION;BOT;TOMATOES;XIRECS;4997.0;5
593300;BOT_MAKER;BOT_TAKER;TOMATOES;XIRECS;4993.0;3
596200;BOT;SUBMISSION;EMERALDS;XIRECS;10000.0;8
597100;SUBMISSION;BOT_TAKER;EMERALDS;XIRECS;9993.0;7
598300;BOT_TAKER;SUBMISSION;TOMATOES;XIRECS;5004.0;2
602100;SUBMISSION;BOT_TAKER;EMERALDS;XIRECS;9993.0;3
602100;BOT_TAKER;SUBMISSION;TOMATOES;XIRECS;5004.0;3
603700;BOT_TAKER;SUBMISSION;TOMATOES;XIRECS;5009.0;3
605500;SUBMISSION;BOT_TAKER;TOMATOES;XIRECS;5000.0;3
605800;BOT_TAKER;SUBMISSION;TOMATOES;XIRECS;5010.0;3
607000;SUBMISSION;BOT_TAKER;EMERALDS;XIRECS;9993.0;5
607000;BOT_MAKER;BOT_TAKER;EMERALDS;XIRECS;9992.0;2
607300;BOT_TAKER;SUBMISSION;TOMATOES;XIRECS;5014.0;2
610200;SUBMISSION;BOT_TAKER;TOMATOES;XIRECS;5000.0;4
610500;BOT_MAKER;BOT_TAKER;EMERALDS;XIRECS;9992.0;5
610600;BOT_TAKER;SUBMISSION;EMERALDS;XIRECS;10000.0;7
611300;SUBMISSION;BOT_TAKER;TOMATOES;XIRECS;5001.0;5
611600;BOT;SUBMISSION;EMERALDS;XIRECS;10000.0;10
611900;BOT_MAKER;BOT_TAKER;TOMATOES;XIRECS;5001.0;3
613500;BOT_TAKER;SUBMISSION;EMERALDS;XIRECS;10007.0;5
613800;BOT_TAKER;SUBMISSION;EMERALDS;XIRECS;10007.0;7
614900;BOT_TAKER;SUBMISSION;EMERALDS;XIRECS;10007.0;3
614900;BOT_TAKER;SUBMISSION;TOMATOES;XIRECS;5016.0;3
615000;BOT;SUBMISSION;EMERALDS;XIRECS;10000.0;9
615100;SUBMISSION;BOT;EMERALDS;XIRECS;10000.0;7
615100;BOT_TAKER;SUBMISSION;TOMATOES;XIRECS;5016.0;3
615400;BOT_MAKER;BOT_TAKER;TOMATOES;XIRECS;5006.0;4
617200;SUBMISSION;BOT_TAKER;EMERALDS;XIRECS;9993.0;7
618200;BOT_TAKER;SUBMISSION;TOMATOES;XIRECS;5017.0;2
619000;SUBMISSION;BOT_TAKER;EMERALDS;XIRECS;9993.0;7
619600;SUBMISSION;BOT;EMERALDS;XIRECS;10000.0;9
620200;BOT_TAKER;SUBMISSION;EMERALDS;XIRECS;10007.0;4
621200;SUBMISSION;BOT_TAKER;EMERALDS;XIRECS;9993.0;6
622200;SUBMISSION;BOT_TAKER;EMERALDS;XIRECS;9993.0;7
624500;SUBMISSION;BOT;EMERALDS;XIRECS;10000.0;2
624900;SUBMISSION;BOT_TAKER;TOMATOES;XIRECS;5000.0;5
626400;BOT_MAKER;BOT_TAKER;EMERALDS;XIRECS;9992.0;6
627300;SUBMISSION;BOT_TAKER;TOMATOES;XIRECS;5003.0;5
627600;BOT_TAKER;SUBMISSION;TOMATOES;XIRECS;5014.0;2
628300;BOT;SUBMISSION;EMERALDS;XIRECS;10000.0;7
630000;SUBMISSION;BOT;EMERALDS;XIRECS;10000.0;7
630300;BOT;SUBMISSION;TOMATOES;XIRECS;5011.0;11
633200;BOT;SUBMISSION;EMERALDS;XIRECS;10000.0;8
633300;SUBMISSION;BOT;TOMATOES;XIRECS;5008.0;2
633800;BOT_TAKER;SUBMISSION;TOMATOES;XIRECS;5015.0;4
634400;BOT_TAKER;SUBMISSION;TOMATOES;XIRECS;5016.0;3
635500;SUBMISSION;BOT;TOMATOES;XIRECS;5012.0;2
636000;BOT;SUBMISSION;EMERALDS;XIRECS;10000.0;7
636900;SUBMISSION;BOT_TAKER;TOMATOES;XIRECS;5004.0;4
637600;BOT;SUBMISSION;EMERALDS;XIRECS;10000.0;9
639100;SUBMISSION;BOT_TAKER;TOMATOES;XIRECS;5003.0;5
639600;BOT_TAKER;SUBMISSION;EMERALDS;XIRECS;10007.0;5
639700;BOT;SUBMISSION;EMERALDS;XIRECS;10000.0;8
641200;BOT;SUBMISSION;EMERALDS;XIRECS;10000.0;5
641700;BOT_TAKER;SUBMISSION;TOMATOES;XIRECS;5016.0;2
641800;BOT;SUBMISSION;EMERALDS;XIRECS;10000.0;7
642500;BOT;SUBMISSION;EMERALDS;XIRECS;10000.0;5
644100;SUBMISSION;BOT;TOMATOES;XIRECS;5003.0;2
645700;SUBMISSION;BOT_TAKER;TOMATOES;XIRECS;4995.0;2
648000;BOT;SUBMISSION;TOMATOES;XIRECS;4996.0;5
648100;SUBMISSION;BOT_TAKER;TOMATOES;XIRECS;4988.0;5
649000;BOT;SUBMISSION;EMERALDS;XIRECS;10000.0;7
649000;BOT_TAKER;SUBMISSION;TOMATOES;XIRECS;4999.0;4
650600;SUBMISSION;BOT;TOMATOES;XIRECS;4990.0;5
653300;BOT_TAKER;SUBMISSION;TOMATOES;XIRECS;4999.0;2
654200;SUBMISSION;BOT_TAKER;EMERALDS;XIRECS;9993.0;5
655300;SUBMISSION;BOT_TAKER;EMERALDS;XIRECS;9993.0;6
656300;SUBMISSION;BOT_TAKER;TOMATOES;XIRECS;4988.0;3
657900;SUBMISSION;BOT;EMERALDS;XIRECS;10000.0;10
657900;BOT_MAKER;BOT_TAKER;TOMATOES;XIRECS;4983.0;3
659000;BOT_TAKER;BOT_MAKER;TOMATOES;XIRECS;4991.0;3
659000;BOT_TAKER;SUBMISSION;TOMATOES;XIRECS;4993.0;1
660200;SUBMISSION;BOT_TAKER;TOMATOES;XIRECS;4983.0;4
664000;BOT_MAKER;BOT_TAKER;TOMATOES;XIRECS;4986.0;3
664100;BOT;SUBMISSION;EMERALDS;XIRECS;10000.0;7
665600;SUBMISSION;BOT;EMERALDS;XIRECS;10000.0;6
665900;BOT_MAKER;BOT_TAKER;TOMATOES;XIRECS;4986.0;2
666000;BOT;SUBMISSION;TOMATOES;XIRECS;4993.0;6
666200;BOT;SUBMISSION;EMERALDS;XIRECS;10000.0;10
667100;BOT;SUBMISSION;EMERALDS;XIRECS;10000.0;10
667500;SUBMISSION;BOT_TAKER;TOMATOES;XIRECS;4991.0;3
670000;BOT_TAKER;SUBMISSION;TOMATOES;XIRECS;4999.0;3
671700;BOT_TAKER;SUBMISSION;EMERALDS;XIRECS;10007.0;5
675600;SUBMISSION;BOT;EMERALDS;XIRECS;10000.0;7
679700;BOT_TAKER;SUBMISSION;TOMATOES;XIRECS;4996.0;3
680300;BOT;SUBMISSION;EMERALDS;XIRECS;10000.0;8
681700;SUBMISSION;BOT;EMERALDS;XIRECS;10000.0;9
681900;BOT_TAKER;SUBMISSION;TOMATOES;XIRECS;4996.0;5
682400;SUBMISSION;BOT_TAKER;TOMATOES;XIRECS;4985.0;5
682800;BOT;SUBMISSION;EMERALDS;XIRECS;10000.0;6
683300;SUBMISSION;BOT;EMERALDS;XIRECS;10000.0;10
684600;SUBMISSION;BOT_TAKER;TOMATOES;XIRECS;4989.0;4
685100;SUBMISSION;BOT;EMERALDS;XIRECS;10000.0;10
686700;SUBMISSION;BOT;EMERALDS;XIRECS;10000.0;8
690300;SUBMISSION;BOT;EMERALDS;XIRECS;10000.0;8
690600;BOT;SUBMISSION;EMERALDS;XIRECS;10000.0;5
691000;BOT;SUBMISSION;TOMATOES;XIRECS;4998.0;8
691000;BOT_TAKER;SUBMISSION;TOMATOES;XIRECS;5002.0;4
691700;SUBMISSION;BOT;EMERALDS;XIRECS;10000.0;7
691700;SUBMISSION;BOT;TOMATOES;XIRECS;4998.0;5
694100;SUBMISSION;BOT;TOMATOES;XIRECS;4994.0;7
696000;BOT_TAKER;SUBMISSION;TOMATOES;XIRECS;4995.0;4
696100;BOT;SUBMISSION;EMERALDS;XIRECS;10000.0;5
696100;SUBMISSION;BOT;TOMATOES;XIRECS;4988.0;8
696300;BOT;SUBMISSION;EMERALDS;XIRECS;10000.0;8
696300;SUBMISSION;BOT_TAKER;EMERALDS;XIRECS;9999.0;5
697200;SUBMISSION;BOT_TAKER;EMERALDS;XIRECS;9993.0;5
697300;SUBMISSION;BOT;EMERALDS;XIRECS;10000.0;9
698700;SUBMISSION;BOT_TAKER;EMERALDS;XIRECS;9993.0;7
699300;BOT;SUBMISSION;TOMATOES;XIRECS;4991.0;6
700700;SUBMISSION;BOT;EMERALDS;XIRECS;10000.0;7
702800;SUBMISSION;BOT;EMERALDS;XIRECS;10000.0;6
704100;BOT_TAKER;SUBMISSION;EMERALDS;XIRECS;10000.0;6
706200;SUBMISSION;BOT_TAKER;TOMATOES;XIRECS;4981.0;2
706900;SUBMISSION;BOT;EMERALDS;XIRECS;10000.0;6
707000;BOT_MAKER;BOT_TAKER;EMERALDS;XIRECS;9992.0;4
707500;BOT_TAKER;SUBMISSION;EMERALDS;XIRECS;10000.0;5
707700;BOT_TAKER;SUBMISSION;TOMATOES;XIRECS;4993.0;6
708100;SUBMISSION;BOT;EMERALDS;XIRECS;10000.0;5
709400;BOT_TAKER;SUBMISSION;TOMATOES;XIRECS;4989.0;2
709500;SUBMISSION;BOT;TOMATOES;XIRECS;4984.0;2
715700;SUBMISSION;BOT_TAKER;TOMATOES;XIRECS;4970.0;2
715900;BOT_TAKER;SUBMISSION;TOMATOES;XIRECS;4983.0;3
717900;SUBMISSION;BOT;TOMATOES;XIRECS;4978.0;8
718400;BOT;SUBMISSION;TOMATOES;XIRECS;4977.0;2
720100;SUBMISSION;BOT_TAKER;TOMATOES;XIRECS;4974.0;4
721000;BOT;SUBMISSION;TOMATOES;XIRECS;4981.0;8
721900;SUBMISSION;BOT_TAKER;TOMATOES;XIRECS;4975.0;5
722400;BOT_MAKER;BOT_TAKER;EMERALDS;XIRECS;9992.0;6
723400;BOT;SUBMISSION;EMERALDS;XIRECS;10000.0;9
723700;SUBMISSION;BOT_TAKER;EMERALDS;XIRECS;9993.0;3
724400;BOT_MAKER;BOT_TAKER;TOMATOES;XIRECS;4978.0;2
724400;SUBMISSION;BOT_TAKER;TOMATOES;XIRECS;4974.0;1
725200;BOT;SUBMISSION;EMERALDS;XIRECS;10000.0;6
726000;BOT_TAKER;SUBMISSION;EMERALDS;XIRECS;10007.0;3
726300;SUBMISSION;BOT_TAKER;EMERALDS;XIRECS;9993.0;4
726400;BOT_MAKER;BOT_TAKER;TOMATOES;XIRECS;4978.0;2
726400;BOT_MAKER;BOT_TAKER;TOMATOES;XIRECS;4973.0;1
726500;SUBMISSION;BOT;EMERALDS;XIRECS;10000.0;5
728300;BOT_TAKER;SUBMISSION;EMERALDS;XIRECS;10000.0;7
729900;BOT;SUBMISSION;EMERALDS;XIRECS;10000.0;10
731400;BOT;SUBMISSION;EMERALDS;XIRECS;10000.0;10
731400;BOT_TAKER;SUBMISSION;TOMATOES;XIRECS;4985.0;4
732200;SUBMISSION;BOT;EMERALDS;XIRECS;10000.0;6
732200;BOT_TAKER;SUBMISSION;TOMATOES;XIRECS;4987.0;2
732500;BOT_TAKER;SUBMISSION;EMERALDS;XIRECS;10007.0;8
733800;BOT_TAKER;SUBMISSION;TOMATOES;XIRECS;4986.0;5
734500;SUBMISSION;BOT;TOMATOES;XIRECS;4980.0;6
735800;SUBMISSION;BOT;TOMATOES;XIRECS;4976.0;7
736000;BOT;SUBMISSION;EMERALDS;XIRECS;10000.0;7
736100;SUBMISSION;BOT;EMERALDS;XIRECS;10000.0;5
737500;BOT;SUBMISSION;EMERALDS;XIRECS;10000.0;5
737500;SUBMISSION;BOT_TAKER;EMERALDS;XIRECS;9999.0;7
737700;BOT;SUBMISSION;TOMATOES;XIRECS;4978.0;2
738300;SUBMISSION;BOT_TAKER;EMERALDS;XIRECS;9993.0;3
740500;BOT_TAKER;SUBMISSION;TOMATOES;XIRECS;4987.0;3
741600;SUBMISSION;BOT_TAKER;TOMATOES;XIRECS;4977.0;2
742200;SUBMISSION;BOT;EMERALDS;XIRECS;10000.0;5
743500;SUBMISSION;BOT_TAKER;EMERALDS;XIRECS;9993.0;5
743900;BOT_TAKER;SUBMISSION;TOMATOES;XIRECS;4990.0;5
744600;SUBMISSION;BOT_TAKER;EMERALDS;XIRECS;9993.0;5
744700;BOT_TAKER;SUBMISSION;TOMATOES;XIRECS;4988.0;4
745000;SUBMISSION;BOT;TOMATOES;XIRECS;4983.0;3
746400;BOT;SUBMISSION;EMERALDS;XIRECS;10000.0;6
746600;BOT_MAKER;BOT_TAKER;TOMATOES;XIRECS;4980.0;5
746900;SUBMISSION;BOT_TAKER;EMERALDS;XIRECS;9993.0;4
748700;SUBMISSION;BOT_TAKER;TOMATOES;XIRECS;4974.0;3
748900;SUBMISSION;BOT_TAKER;TOMATOES;XIRECS;4975.0;5
750600;BOT;SUBMISSION;EMERALDS;XIRECS;10000.0;5
751000;BOT_MAKER;BOT_TAKER;TOMATOES;XIRECS;4972.0;5
751700;SUBMISSION;BOT_TAKER;EMERALDS;XIRECS;9993.0;3
752600;BOT;SUBMISSION;TOMATOES;XIRECS;4977.0;4
753200;SUBMISSION;BOT;EMERALDS;XIRECS;10000.0;9
753700;BOT_MAKER;BOT_TAKER;TOMATOES;XIRECS;4975.0;2
754000;BOT;SUBMISSION;EMERALDS;XIRECS;10000.0;10
758500;SUBMISSION;BOT_TAKER;EMERALDS;XIRECS;9993.0;5
758800;BOT;SUBMISSION;EMERALDS;XIRECS;10000.0;10
759800;SUBMISSION;BOT_TAKER;EMERALDS;XIRECS;9993.0;5
762100;SUBMISSION;BOT;EMERALDS;XIRECS;10000.0;6
762100;SUBMISSION;BOT_TAKER;EMERALDS;XIRECS;9993.0;7
762300;SUBMISSION;BOT_TAKER;EMERALDS;XIRECS;9993.0;5
763700;BOT;SUBMISSION;EMERALDS;XIRECS;10000.0;8
764100;SUBMISSION;BOT;EMERALDS;XIRECS;10000.0;7
764400;SUBMISSION;BOT_TAKER;TOMATOES;XIRECS;4970.0;3
766800;SUBMISSION;BOT_TAKER;TOMATOES;XIRECS;4968.0;5
768400;BOT;SUBMISSION;TOMATOES;XIRECS;4972.0;5
769600;BOT_TAKER;SUBMISSION;EMERALDS;XIRECS;10000.0;3
770100;BOT_MAKER;BOT_TAKER;TOMATOES;XIRECS;4969.0;4
771000;SUBMISSION;BOT_TAKER;EMERALDS;XIRECS;9993.0;4
771500;BOT_MAKER;BOT_TAKER;TOMATOES;XIRECS;4968.0;4
771700;BOT;SUBMISSION;EMERALDS;XIRECS;10000.0;8
772600;BOT;SUBMISSION;EMERALDS;XIRECS;10000.0;7
774300;BOT_TAKER;SUBMISSION;TOMATOES;XIRECS;4979.0;5
776000;BOT;SUBMISSION;EMERALDS;XIRECS;10000.0;6
777300;SUBMISSION;BOT;EMERALDS;XIRECS;10000.0;6
779500;BOT_TAKER;SUBMISSION;TOMATOES;XIRECS;4981.0;4
781200;BOT_TAKER;BOT_MAKER;TOMATOES;XIRECS;4979.0;3
782700;SUBMISSION;BOT;EMERALDS;XIRECS;10000.0;9
784400;BOT;SUBMISSION;EMERALDS;XIRECS;10000.0;5
785900;BOT;SUBMISSION;EMERALDS;XIRECS;10000.0;10
785900;BOT_TAKER;BOT_MAKER;TOMATOES;XIRECS;4977.0;5
786600;BOT_TAKER;SUBMISSION;EMERALDS;XIRECS;10007.0;6
790300;SUBMISSION;BOT;TOMATOES;XIRECS;4967.0;6
791000;BOT;SUBMISSION;EMERALDS;XIRECS;10000.0;6
791400;BOT_MAKER;BOT_TAKER;TOMATOES;XIRECS;4961.0;2
791600;SUBMISSION;BOT_TAKER;TOMATOES;XIRECS;4962.0;3
792000;BOT;SUBMISSION;EMERALDS;XIRECS;10000.0;6
793000;SUBMISSION;BOT_TAKER;EMERALDS;XIRECS;9993.0;5
793900;BOT;SUBMISSION;TOMATOES;XIRECS;4968.0;7
794200;SUBMISSION;BOT_TAKER;TOMATOES;XIRECS;4960.0;3
794400;BOT_TAKER;SUBMISSION;EMERALDS;XIRECS;10007.0;3
795100;SUBMISSION;BOT_TAKER;EMERALDS;XIRECS;9993.0;8
795100;SUBMISSION;BOT_TAKER;TOMATOES;XIRECS;4960.0;2
797200;SUBMISSION;BOT_TAKER;EMERALDS;XIRECS;9993.0;5
797200;BOT_TAKER;BOT_MAKER;TOMATOES;XIRECS;4964.0;2
798600;SUBMISSION;BOT;EMERALDS;XIRECS;10000.0;5
799200;SUBMISSION;BOT_TAKER;TOMATOES;XIRECS;4961.0;2
799600;BOT_MAKER;BOT_TAKER;TOMATOES;XIRECS;4959.0;2
801800;BOT_TAKER;SUBMISSION;EMERALDS;XIRECS;10007.0;4
804200;SUBMISSION;BOT_TAKER;TOMATOES;XIRECS;4953.0;5
805300;BOT;SUBMISSION;TOMATOES;XIRECS;4958.0;11
805700;BOT;SUBMISSION;EMERALDS;XIRECS;10000.0;5
807000;BOT_TAKER;SUBMISSION;TOMATOES;XIRECS;4965.0;3
807400;SUBMISSION;BOT_TAKER;EMERALDS;XIRECS;9993.0;4
808000;BOT_TAKER;BOT_MAKER;TOMATOES;XIRECS;4965.0;5
808600;SUBMISSION;BOT;TOMATOES;XIRECS;4960.0;5
810100;SUBMISSION;BOT_TAKER;EMERALDS;XIRECS;9993.0;4
810600;BOT_TAKER;SUBMISSION;TOMATOES;XIRECS;4968.0;5
810700;BOT;SUBMISSION;EMERALDS;XIRECS;10000.0;9
811800;SUBMISSION;BOT_TAKER;EMERALDS;XIRECS;9993.0;6
817100;BOT_TAKER;BOT_MAKER;TOMATOES;XIRECS;4972.0;3
817500;SUBMISSION;BOT_TAKER;EMERALDS;XIRECS;9993.0;3
818900;BOT_TAKER;BOT_MAKER;TOMATOES;XIRECS;4973.0;5
820300;SUBMISSION;BOT_TAKER;EMERALDS;XIRECS;9993.0;8
820600;SUBMISSION;BOT;EMERALDS;XIRECS;10000.0;9
820700;SUBMISSION;BOT;TOMATOES;XIRECS;4966.0;9
821600;SUBMISSION;BOT_TAKER;EMERALDS;XIRECS;9993.0;7
823000;BOT_TAKER;SUBMISSION;TOMATOES;XIRECS;4972.0;3
823800;SUBMISSION;BOT_TAKER;TOMATOES;XIRECS;4959.0;2
824800;BOT;SUBMISSION;EMERALDS;XIRECS;10000.0;5
826500;BOT_TAKER;SUBMISSION;EMERALDS;XIRECS;10000.0;5
827000;BOT_TAKER;BOT_MAKER;TOMATOES;XIRECS;4967.0;2
827000;BOT_TAKER;SUBMISSION;TOMATOES;XIRECS;4968.0;3
828400;BOT_TAKER;SUBMISSION;TOMATOES;XIRECS;4973.0;5
828700;SUBMISSION;BOT;TOMATOES;XIRECS;4968.0;4
829800;BOT_TAKER;SUBMISSION;EMERALDS;XIRECS;10000.0;4
832300;SUBMISSION;BOT_TAKER;EMERALDS;XIRECS;9993.0;5
832400;SUBMISSION;BOT;EMERALDS;XIRECS;10000.0;5
833600;SUBMISSION;BOT_TAKER;EMERALDS;XIRECS;9993.0;4
833600;BOT_MAKER;BOT_TAKER;EMERALDS;XIRECS;9992.0;1
833700;BOT_TAKER;SUBMISSION;EMERALDS;XIRECS;10000.0;6
834800;SUBMISSION;BOT;EMERALDS;XIRECS;10000.0;5
834900;BOT;SUBMISSION;EMERALDS;XIRECS;10000.0;9
837000;BOT_TAKER;BOT_MAKER;TOMATOES;XIRECS;4961.0;5
837600;BOT_TAKER;SUBMISSION;TOMATOES;XIRECS;4967.0;3
837700;BOT_TAKER;BOT_MAKER;TOMATOES;XIRECS;4967.0;5
838200;SUBMISSION;BOT;TOMATOES;XIRECS;4960.0;6
838800;BOT_TAKER;SUBMISSION;EMERALDS;XIRECS;10000.0;4
840800;BOT;SUBMISSION;TOMATOES;XIRECS;4962.0;8
840800;BOT_TAKER;SUBMISSION;EMERALDS;XIRECS;10007.0;6
840900;SUBMISSION;BOT_TAKER;TOMATOES;XIRECS;4955.0;4
842700;BOT_TAKER;SUBMISSION;EMERALDS;XIRECS;10007.0;5
844100;BOT_TAKER;SUBMISSION;EMERALDS;XIRECS;10007.0;8
844700;SUBMISSION;BOT;TOMATOES;XIRECS;4957.0;10
845200;BOT_TAKER;SUBMISSION;TOMATOES;XIRECS;4965.0;2
846500;SUBMISSION;BOT;EMERALDS;XIRECS;10000.0;7
846900;BOT;SUBMISSION;EMERALDS;XIRECS;10000.0;5
846900;BOT_TAKER;SUBMISSION;TOMATOES;XIRECS;4968.0;3
847900;SUBMISSION;BOT_TAKER;EMERALDS;XIRECS;9993.0;5
848500;SUBMISSION;BOT;EMERALDS;XIRECS;10000.0;5
850600;BOT_TAKER;SUBMISSION;EMERALDS;XIRECS;10007.0;3
852900;SUBMISSION;BOT_TAKER;TOMATOES;XIRECS;4957.0;4
853100;BOT_TAKER;SUBMISSION;TOMATOES;XIRECS;4968.0;3
853900;BOT;SUBMISSION;EMERALDS;XIRECS;10000.0;8
854900;BOT_MAKER;BOT_TAKER;TOMATOES;XIRECS;4956.0;4
855100;SUBMISSION;BOT_TAKER;EMERALDS;XIRECS;9993.0;5
857200;SUBMISSION;BOT;EMERALDS;XIRECS;10000.0;10
858700;SUBMISSION;BOT;EMERALDS;XIRECS;10000.0;6
863200;BOT;SUBMISSION;TOMATOES;XIRECS;4961.0;7
863400;SUBMISSION;BOT_TAKER;TOMATOES;XIRECS;4954.0;4
867000;BOT_TAKER;SUBMISSION;TOMATOES;XIRECS;4966.0;4
867800;BOT_TAKER;SUBMISSION;TOMATOES;XIRECS;4969.0;4
867900;BOT;SUBMISSION;EMERALDS;XIRECS;10000.0;8
868400;SUBMISSION;BOT_TAKER;EMERALDS;XIRECS;9993.0;5
868500;SUBMISSION;BOT_TAKER;TOMATOES;XIRECS;4959.0;3
869100;SUBMISSION;BOT;EMERALDS;XIRECS;10000.0;8
869600;BOT_TAKER;SUBMISSION;EMERALDS;XIRECS;10000.0;6
869900;BOT_TAKER;SUBMISSION;TOMATOES;XIRECS;4970.0;5
870500;BOT;SUBMISSION;EMERALDS;XIRECS;10000.0;8
871800;SUBMISSION;BOT_TAKER;EMERALDS;XIRECS;9993.0;6
872400;SUBMISSION;BOT_TAKER;TOMATOES;XIRECS;4961.0;4
872800;SUBMISSION;BOT_TAKER;EMERALDS;XIRECS;9993.0;6
872900;BOT;SUBMISSION;EMERALDS;XIRECS;10000.0;10
873200;SUBMISSION;BOT;EMERALDS;XIRECS;10000.0;6
873300;BOT_TAKER;BOT_MAKER;TOMATOES;XIRECS;4971.0;4
873800;SUBMISSION;BOT_TAKER;EMERALDS;XIRECS;9993.0;4
873800;SUBMISSION;BOT_TAKER;TOMATOES;XIRECS;4957.0;3
874500;SUBMISSION;BOT_TAKER;TOMATOES;XIRECS;4956.0;5
878300;BOT;SUBMISSION;EMERALDS;XIRECS;10000.0;6
878800;SUBMISSION;BOT;EMERALDS;XIRECS;10000.0;9
880300;BOT_TAKER;SUBMISSION;EMERALDS;XIRECS;10000.0;5
880600;BOT;SUBMISSION;EMERALDS;XIRECS;10000.0;8
880800;BOT;SUBMISSION;EMERALDS;XIRECS;10000.0;10
882100;SUBMISSION;BOT;EMERALDS;XIRECS;10000.0;7
882100;BOT_MAKER;BOT_TAKER;TOMATOES;XIRECS;4954.0;4
883400;BOT_TAKER;SUBMISSION;TOMATOES;XIRECS;4966.0;4
885100;BOT_TAKER;SUBMISSION;TOMATOES;XIRECS;4968.0;3
885200;BOT_TAKER;SUBMISSION;TOMATOES;XIRECS;4968.0;4
887100;SUBMISSION;BOT_TAKER;TOMATOES;XIRECS;4956.0;2
887200;BOT;SUBMISSION;EMERALDS;XIRECS;10000.0;9
887500;SUBMISSION;BOT_TAKER;TOMATOES;XIRECS;4955.0;5
888400;SUBMISSION;BOT;TOMATOES;XIRECS;4958.0;8
889000;BOT_MAKER;BOT_TAKER;TOMATOES;XIRECS;4953.0;2
889100;SUBMISSION;BOT;EMERALDS;XIRECS;10000.0;8
890200;SUBMISSION;BOT;EMERALDS;XIRECS;10000.0;8
892300;BOT;SUBMISSION;EMERALDS;XIRECS;10000.0;6
892700;BOT_MAKER;BOT_TAKER;TOMATOES;XIRECS;4955.0;5
893700;BOT_MAKER;BOT_TAKER;TOMATOES;XIRECS;4957.0;5
894300;BOT_TAKER;SUBMISSION;EMERALDS;XIRECS;10007.0;4
895000;BOT_TAKER;SUBMISSION;TOMATOES;XIRECS;4965.0;3
897900;BOT_TAKER;SUBMISSION;EMERALDS;XIRECS;10007.0;8
898400;BOT_TAKER;SUBMISSION;TOMATOES;XIRECS;4968.0;5
898500;SUBMISSION;BOT;EMERALDS;XIRECS;10000.0;10
898700;SUBMISSION;BOT_TAKER;TOMATOES;XIRECS;4956.0;4
898800;SUBMISSION;BOT;EMERALDS;XIRECS;10000.0;5
898800;SUBMISSION;BOT_TAKER;TOMATOES;XIRECS;4955.0;4
899200;BOT_MAKER;BOT_TAKER;TOMATOES;XIRECS;4955.0;3
899600;BOT;SUBMISSION;TOMATOES;XIRECS;4963.0;10
900700;BOT_TAKER;SUBMISSION;TOMATOES;XIRECS;4970.0;3
901400;BOT_TAKER;SUBMISSION;TOMATOES;XIRECS;4969.0;4
901800;BOT;SUBMISSION;EMERALDS;XIRECS;10000.0;10
902300;BOT_TAKER;BOT_MAKER;TOMATOES;XIRECS;4968.0;4
902400;BOT_TAKER;BOT_MAKER;TOMATOES;XIRECS;4968.0;3
902800;SUBMISSION;BOT;EMERALDS;XIRECS;10000.0;5
903000;BOT_TAKER;SUBMISSION;EMERALDS;XIRECS;10007.0;3
903400;SUBMISSION;BOT_TAKER;EMERALDS;XIRECS;9993.0;6
905100;BOT_TAKER;BOT_MAKER;TOMATOES;XIRECS;4966.0;5
905300;BOT;SUBMISSION;EMERALDS;XIRECS;10000.0;9
906100;SUBMISSION;BOT;TOMATOES;XIRECS;4958.0;5
906400;BOT;SUBMISSION;EMERALDS;XIRECS;10000.0;9
906600;SUBMISSION;BOT;TOMATOES;XIRECS;4957.0;2
907100;SUBMISSION;BOT;EMERALDS;XIRECS;10000.0;6
908400;BOT_TAKER;SUBMISSION;EMERALDS;XIRECS;10007.0;8
909800;BOT_TAKER;BOT_MAKER;TOMATOES;XIRECS;4965.0;2
910200;BOT_TAKER;SUBMISSION;TOMATOES;XIRECS;4969.0;4
910600;BOT_TAKER;SUBMISSION;EMERALDS;XIRECS;10007.0;5
913900;SUBMISSION;BOT_TAKER;TOMATOES;XIRECS;4959.0;4
914100;BOT_TAKER;SUBMISSION;TOMATOES;XIRECS;4971.0;5
915100;SUBMISSION;BOT_TAKER;TOMATOES;XIRECS;4959.0;3
915200;SUBMISSION;BOT;TOMATOES;XIRECS;4964.0;10
915600;SUBMISSION;BOT_TAKER;EMERALDS;XIRECS;9993.0;7
916600;SUBMISSION;BOT;EMERALDS;XIRECS;10000.0;8
916600;BOT_TAKER;SUBMISSION;EMERALDS;XIRECS;10001.0;8
917100;BOT_TAKER;SUBMISSION;TOMATOES;XIRECS;4970.0;4
918500;BOT;SUBMISSION;TOMATOES;XIRECS;4968.0;9
918700;BOT_TAKER;SUBMISSION;EMERALDS;XIRECS;10007.0;5
920300;BOT;SUBMISSION;EMERALDS;XIRECS;10000.0;9
921700;SUBMISSION;BOT;TOMATOES;XIRECS;4972.0;5
921700;SUBMISSION;BOT_TAKER;TOMATOES;XIRECS;4966.0;2
924900;BOT;SUBMISSION;EMERALDS;XIRECS;10000.0;9
933400;SUBMISSION;BOT;EMERALDS;XIRECS;10000.0;6
933400;BOT_TAKER;SUBMISSION;TOMATOES;XIRECS;4988.0;3
935900;SUBMISSION;BOT;EMERALDS;XIRECS;10000.0;8
936000;BOT_TAKER;SUBMISSION;TOMATOES;XIRECS;4989.0;5
936700;SUBMISSION;BOT;TOMATOES;XIRECS;4986.0;5
937200;BOT;SUBMISSION;EMERALDS;XIRECS;10000.0;5
937600;BOT;SUBMISSION;EMERALDS;XIRECS;10000.0;10
938800;SUBMISSION;BOT;EMERALDS;XIRECS;10000.0;7
938900;BOT;SUBMISSION;EMERALDS;XIRECS;10000.0;9
939500;SUBMISSION;BOT;EMERALDS;XIRECS;10000.0;10
939800;SUBMISSION;BOT_TAKER;EMERALDS;XIRECS;9993.0;5
939900;BOT_TAKER;SUBMISSION;EMERALDS;XIRECS;10007.0;4
940900;BOT_TAKER;BOT_MAKER;TOMATOES;XIRECS;4990.0;2
942200;SUBMISSION;BOT;EMERALDS;XIRECS;10000.0;10
942400;SUBMISSION;BOT_TAKER;TOMATOES;XIRECS;4977.0;4
943300;BOT;SUBMISSION;EMERALDS;XIRECS;10000.0;10
943500;SUBMISSION;BOT_TAKER;TOMATOES;XIRECS;4977.0;4
943800;BOT;SUBMISSION;EMERALDS;XIRECS;10000.0;7
943800;BOT_TAKER;SUBMISSION;EMERALDS;XIRECS;10007.0;3
944300;SUBMISSION;BOT_TAKER;TOMATOES;XIRECS;4977.0;5
945300;BOT_TAKER;SUBMISSION;TOMATOES;XIRECS;4989.0;5
945400;BOT;SUBMISSION;TOMATOES;XIRECS;4983.0;4
948900;BOT;SUBMISSION;EMERALDS;XIRECS;10000.0;10
949300;SUBMISSION;BOT;EMERALDS;XIRECS;10000.0;7
950200;BOT_TAKER;SUBMISSION;TOMATOES;XIRECS;4986.0;2
950300;BOT_TAKER;SUBMISSION;TOMATOES;XIRECS;4987.0;4
950400;SUBMISSION;BOT;TOMATOES;XIRECS;4982.0;6
951000;BOT_TAKER;SUBMISSION;TOMATOES;XIRECS;4986.0;2
951600;BOT;SUBMISSION;EMERALDS;XIRECS;10000.0;10
952000;BOT_TAKER;SUBMISSION;TOMATOES;XIRECS;4988.0;4
952700;SUBMISSION;BOT;EMERALDS;XIRECS;10000.0;6
953000;BOT_TAKER;BOT_MAKER;TOMATOES;XIRECS;4990.0;2
953100;BOT_TAKER;BOT_MAKER;TOMATOES;XIRECS;4989.0;2
953400;BOT_MAKER;BOT_TAKER;TOMATOES;XIRECS;4984.0;4
955000;SUBMISSION;BOT_TAKER;TOMATOES;XIRECS;4980.0;4
957100;BOT_TAKER;SUBMISSION;EMERALDS;XIRECS;10007.0;8
959600;BOT_TAKER;SUBMISSION;EMERALDS;XIRECS;10007.0;5
959800;SUBMISSION;BOT_TAKER;TOMATOES;XIRECS;4981.0;4
960800;BOT_TAKER;SUBMISSION;EMERALDS;XIRECS;10007.0;3
960900;BOT;SUBMISSION;EMERALDS;XIRECS;10000.0;7
960900;BOT_TAKER;SUBMISSION;EMERALDS;XIRECS;10007.0;6
962600;BOT_TAKER;SUBMISSION;EMERALDS;XIRECS;10007.0;5
963100;SUBMISSION;BOT_TAKER;TOMATOES;XIRECS;4986.0;3
963800;BOT_TAKER;SUBMISSION;EMERALDS;XIRECS;10007.0;4
963900;BOT_TAKER;SUBMISSION;TOMATOES;XIRECS;4996.0;2
966600;SUBMISSION;BOT_TAKER;EMERALDS;XIRECS;9993.0;6
966900;SUBMISSION;BOT;EMERALDS;XIRECS;10000.0;8
967300;SUBMISSION;BOT_TAKER;TOMATOES;XIRECS;4984.0;3
967400;BOT_TAKER;SUBMISSION;TOMATOES;XIRECS;4995.0;4
968400;BOT_TAKER;SUBMISSION;TOMATOES;XIRECS;4995.0;6
969600;SUBMISSION;BOT;TOMATOES;XIRECS;4989.0;12
970900;BOT_TAKER;SUBMISSION;TOMATOES;XIRECS;4993.0;4
971000;BOT;SUBMISSION;EMERALDS;XIRECS;10000.0;6
973500;BOT;SUBMISSION;EMERALDS;XIRECS;10000.0;6
975100;BOT_TAKER;SUBMISSION;EMERALDS;XIRECS;10007.0;6
975100;SUBMISSION;BOT_TAKER;TOMATOES;XIRECS;4982.0;5
976300;BOT_MAKER;BOT_TAKER;TOMATOES;XIRECS;4979.0;3
977000;BOT;SUBMISSION;TOMATOES;XIRECS;4986.0;6
983800;BOT_TAKER;SUBMISSION;TOMATOES;XIRECS;4996.0;3
985500;SUBMISSION;BOT_TAKER;TOMATOES;XIRECS;4988.0;4
985600;BOT;SUBMISSION;EMERALDS;XIRECS;10000.0;7
986400;SUBMISSION;BOT_TAKER;TOMATOES;XIRECS;4988.0;3
987400;BOT;SUBMISSION;EMERALDS;XIRECS;10000.0;10
989400;BOT;SUBMISSION;EMERALDS;XIRECS;10000.0;6
990700;BOT;SUBMISSION;TOMATOES;XIRECS;4991.0;8
992400;SUBMISSION;BOT;EMERALDS;XIRECS;10000.0;10
995000;BOT_TAKER;SUBMISSION;EMERALDS;XIRECS;10007.0;4
996800;SUBMISSION;BOT;TOMATOES;XIRECS;4982.0;6
996900;BOT_MAKER;BOT_TAKER;TOMATOES;XIRECS;4978.0;2
997200;SUBMISSION;BOT;EMERALDS;XIRECS;10000.0;9
998100;SUBMISSION;BOT;EMERALDS;XIRECS;10000.0;7
