timestamp;buyer;seller;symbol;currency;price;quantity
600;SUBMISSION;BOT_TAKER;TOMATOES;XIRECS;5000.0;5
1500;BOT_TAKER;SUBMISSION;TOMATOES;XIRECS;5011.0;3
2300;SUBMISSION;BOT_TAKER;TOMATOES;XIRECS;5001.0;4
3700;BOT;SUBMISSION;EMERALDS;XIRECS;10000.0;7
4400;BOT_MAKER;BOT_TAKER;TOMATOES;XIRECS;5003.0;3
4600;BOT_MAKER;BOT_TAKER;TOMATOES;XIRECS;4998.0;2
5800;SUBMISSION;BOT_TAKER;EMERALDS;XIRECS;9993.0;7
6100;BOT;SUBMISSION;TOMATOES;XIRECS;5003.0;3
6700;BOT_TAKER;SUBMISSION;TOMATOES;XIRECS;5010.0;3
6800;BOT_TAKER;SUBMISSION;EMERALDS;XIRECS;10007.0;4
6900;SUBMISSION;BOT_TAKER;TOMATOES;XIRECS;4998.0;5
7200;BOT_MAKER;BOT_TAKER;TOMATOES;XIRECS;4997.0;3
9500;BOT;SUBMISSION;TOMATOES;XIRECS;5007.0;7
10600;BOT_TAKER;SUBMISSION;TOMATOES;XIRECS;5015.0;4
10900;SUBMISSION;BOT;EMERALDS;XIRECS;10000.0;8
11400;BOT;SUBMISSION;EMERALDS;XIRECS;10000.0;8
11800;SUBMISSION;BOT_TAKER;TOMATOES;XIRECS;5005.0;4
12300;SUBMISSION;BOT;EMERALDS;XIRECS;10000.0;10
12800;SUBMISSION;BOT_TAKER;EMERALDS;XIRECS;9993.0;8
12900;SUBMISSION;BOT;EMERALDS;XIRECS;10000.0;5
13100;BOT_TAKER;SUBMISSION;EMERALDS;XIRECS;10007.0;7
14600;SUBMISSION;BOT_TAKER;TOMATOES;XIRECS;5003.0;4
16100;BOT;SUBMISSION;EMERALDS;XIRECS;10000.0;7
17300;BOT_MAKER;BOT_TAKER;TOMATOES;XIRECS;5004.0;4
18900;SUBMISSION;BOT;EMERALDS;XIRECS;10000.0;9
19900;SUBMISSION;BOT;EMERALDS;XIRECS;10000.0;6
20400;BOT;SUBMISSION;EMERALDS;XIRECS;10000.0;5
20700;BOT_TAKER;SUBMISSION;TOMATOES;XIRECS;5010.0;5
20900;BOT_TAKER;SUBMISSION;EMERALDS;XIRECS;10007.0;7
21900;BOT_TAKER;SUBMISSION;EMERALDS;XIRECS;10007.0;8
23100;SUBMISSION;BOT_TAKER;TOMATOES;XIRECS;4999.0;3
23500;SUBMISSION;BOT;TOMATOES;XIRECS;5002.0;5
23700;BOT_TAKER;SUBMISSION;EMERALDS;XIRECS;10007.0;4
24300;BOT_TAKER;SUBMISSION;TOMATOES;XIRECS;5009.0;5
26000;BOT_TAKER;SUBMISSION;TOMATOES;XIRECS;5011.0;2
27500;SUBMISSION;BOT_TAKER;TOMATOES;XIRECS;4999.0;2
30900;BOT_TAKER;SUBMISSION;EMERALDS;XIRECS;10007.0;3
34800;BOT_TAKER;SUBMISSION;TOMATOES;XIRECS;5012.0;3
35800;SUBMISSION;BOT_TAKER;EMERALDS;XIRECS;9993.0;6
36000;BOT;SUBMISSION;EMERALDS;XIRECS;10000.0;9
36300;BOT_TAKER;SUBMISSION;EMERALDS;XIRECS;10007.0;4
37700;SUBMISSION;BOT_TAKER;EMERALDS;XIRECS;9993.0;4
37700;SUBMISSION;BOT_TAKER;TOMATOES;XIRECS;5003.0;4
38800;BOT;SUBMISSION;EMERALDS;XIRECS;10000.0;8
41300;BOT_TAKER;SUBMISSION;EMERALDS;XIRECS;10007.0;8
41400;SUBMISSION;BOT_TAKER;TOMATOES;XIRECS;5010.0;3
41500;BOT;SUBMISSION;TOMATOES;XIRECS;5014.0;3
42700;BOT_MAKER;BOT_TAKER;TOMATOES;XIRECS;5011.0;2
43300;SUBMISSION;BOT;EMERALDS;XIRECS;10000.0;9
45500;SUBMISSION;BOT_TAKER;TOMATOES;XIRECS;5007.0;2
48200;BOT;SUBMISSION;EMERALDS;XIRECS;10000.0;10
48700;BOT_TAKER;SUBMISSION;TOMATOES;XIRECS;5017.0;2
50800;BOT_TAKER;SUBMISSION;TOMATOES;XIRECS;5021.0;5
51200;BOT;SUBMISSION;EMERALDS;XIRECS;10000.0;10
51400;BOT_TAKER;SUBMISSION;TOMATOES;XIRECS;5021.0;2
51600;BOT;SUBMISSION;EMERALDS;XIRECS;10000.0;7
51700;BOT_TAKER;BOT_MAKER;TOMATOES;XIRECS;5023.0;2
52400;BOT;SUBMISSION;EMERALDS;XIRECS;10000.0;5
53500;SUBMISSION;BOT_TAKER;TOMATOES;XIRECS;5013.0;2
55200;SUBMISSION;BOT;TOMATOES;XIRECS;5017.0;2
55900;SUBMISSION;BOT;EMERALDS;XIRECS;10000.0;7
57800;BOT_TAKER;SUBMISSION;EMERALDS;XIRECS;10007.0;3
58000;SUBMISSION;BOT_TAKER;TOMATOES;XIRECS;5009.0;5
58100;BOT;SUBMISSION;EMERALDS;XIRECS;10000.0;7
58600;BOT_MAKER;BOT_TAKER;TOMATOES;XIRECS;5009.0;5
59300;BOT;SUBMISSION;EMERALDS;XIRECS;10000.0;9
59600;SUBMISSION;BOT_TAKER;TOMATOES;XIRECS;5010.0;5
63500;SUBMISSION;BOT;EMERALDS;XIRECS;10000.0;10
64000;BOT;SUBMISSION;TOMATOES;XIRECS;5016.0;12
64800;SUBMISSION;BOT;TOMATOES;XIRECS;5016.0;2
66300;SUBMISSION;BOT_TAKER;EMERALDS;XIRECS;9993.0;7
66700;BOT;SUBMISSION;EMERALDS;XIRECS;10000.0;10
66900;BOT_TAKER;SUBMISSION;TOMATOES;XIRECS;5020.0;5
68300;BOT_TAKER;BOT_MAKER;TOMATOES;XIRECS;5021.0;2
68400;SUBMISSION;BOT;TOMATOES;XIRECS;5016.0;3
71100;BOT;SUBMISSION;EMERALDS;XIRECS;10000.0;10
71700;BOT_TAKER;SUBMISSION;TOMATOES;XIRECS;5026.0;5
72100;SUBMISSION;BOT;EMERALDS;XIRECS;10000.0;5
73100;BOT_TAKER;SUBMISSION;EMERALDS;XIRECS;10007.0;7
73300;BOT;SUBMISSION;EMERALDS;XIRECS;10000.0;5
75300;BOT_TAKER;BOT_MAKER;TOMATOES;XIRECS;5024.0;4
75600;SUBMISSION;BOT_TAKER;TOMATOES;XIRECS;5012.0;4
75700;SUBMISSION;BOT_TAKER;EMERALDS;XIRECS;10000.0;6
76300;SUBMISSION;BOT;TOMATOES;XIRECS;5017.0;5
76900;SUBMISSION;BOT_TAKER;TOMATOES;XIRECS;5013.0;4
78400;BOT_MAKER;BOT_TAKER;TOMATOES;XIRECS;5013.0;3
78500;BOT_MAKER;BOT_TAKER;TOMATOES;XIRECS;5013.0;3
78600;BOT_TAKER;SUBMISSION;TOMATOES;XIRECS;5026.0;4
79000;BOT;SUBMISSION;EMERALDS;XIRECS;10000.0;5
80300;BOT_TAKER;SUBMISSION;EMERALDS;XIRECS;10007.0;3
81500;SUBMISSION;BOT_TAKER;TOMATOES;XIRECS;5014.0;4
81900;SUBMISSION;BOT_TAKER;TOMATOES;XIRECS;5013.0;4
82700;SUBMISSION;BOT;EMERALDS;XIRECS;10000.0;7
84500;BOT;SUBMISSION;EMERALDS;XIRECS;10000.0;8
85100;BOT;SUBMISSION;TOMATOES;XIRECS;5015.0;3
85400;BOT_MAKER;BOT_TAKER;TOMATOES;XIRECS;5014.0;2
85400;SUBMISSION;BOT_TAKER;TOMATOES;XIRECS;5011.0;3
86600;BOT;SUBMISSION;TOMATOES;XIRECS;5013.0;5
88100;SUBMISSION;BOT;EMERALDS;XIRECS;10000.0;8
89900;BOT;SUBMISSION;EMERALDS;XIRECS;10000.0;10
90200;SUBMISSION;BOT_TAKER;TOMATOES;XIRECS;5006.0;5
90500;BOT_TAKER;SUBMISSION;TOMATOES;XIRECS;5017.0;4
91700;BOT;SUBMISSION;EMERALDS;XIRECS;10000.0;4
91700;BOT_MAKER;BOT_TAKER;TOMATOES;XIRECS;5007.0;4
92900;SUBMISSION;BOT;EMERALDS;XIRECS;10000.0;7
93400;SUBMISSION;BOT;EMERALDS;XIRECS;10000.0;10
94600;BOT;SUBMISSION;EMERALDS;XIRECS;10000.0;7
96100;SUBMISSION;BOT_TAKER;EMERALDS;XIRECS;10000.0;3
96600;BOT;SUBMISSION;EMERALDS;XIRECS;10000.0;9
97000;SUBMISSION;BOT_TAKER;TOMATOES;XIRECS;5010.0;5
98700;SUBMISSION;BOT;EMERALDS;XIRECS;10000.0;10
98700;BOT_TAKER;SUBMISSION;TOMATOES;XIRECS;5018.0;3
99700;SUBMISSION;BOT;EMERALDS;XIRECS;10000.0;7
100100;BOT;SUBMISSION;EMERALDS;XIRECS;10000.0;8
102100;SUBMISSION;BOT;EMERALDS;XIRECS;10000.0;5
104700;BOT_MAKER;BOT_TAKER;TOMATOES;XIRECS;5009.0;2
105300;BOT_MAKER;BOT_TAKER;TOMATOES;XIRECS;5012.0;3
106300;BOT;SUBMISSION;TOMATOES;XIRECS;5018.0;4
106900;SUBMISSION;BOT_TAKER;TOMATOES;XIRECS;5012.0;2
107100;SUBMISSION;BOT_TAKER;EMERALDS;XIRECS;9993.0;6
107900;BOT_TAKER;SUBMISSION;EMERALDS;XIRECS;10007.0;4
108100;BOT_TAKER;SUBMISSION;TOMATOES;XIRECS;5020.0;5
111300;BOT_TAKER;SUBMISSION;TOMATOES;XIRECS;5017.0;4
113500;SUBMISSION;BOT;EMERALDS;XIRECS;10000.0;8
114700;SUBMISSION;BOT_TAKER;TOMATOES;XIRECS;5005.0;3
116900;SUBMISSION;BOT_TAKER;EMERALDS;XIRECS;9993.0;3
117700;SUBMISSION;BOT_TAKER;TOMATOES;XIRECS;5007.0;2
118800;SUBMISSION;BOT;EMERALDS;XIRECS;10000.0;9
119200;BOT_TAKER;SUBMISSION;TOMATOES;XIRECS;5018.0;5
119300;SUBMISSION;BOT_TAKER;TOMATOES;XIRECS;5007.0;3
119400;BOT;SUBMISSION;EMERALDS;XIRECS;10000.0;10
119900;BOT;SUBMISSION;EMERALDS;XIRECS;10000.0;7
120000;SUBMISSION;BOT_TAKER;TOMATOES;XIRECS;5008.0;3
120600;SUBMISSION;BOT_TAKER;EMERALDS;XIRECS;9993.0;3
121300;BOT;SUBMISSION;EMERALDS;XIRECS;10000.0;6
122800;BOT;SUBMISSION;EMERALDS;XIRECS;10000.0;8
123400;SUBMISSION;BOT;EMERALDS;XIRECS;10000.0;10
124200;BOT_TAKER;SUBMISSION;TOMATOES;XIRECS;5017.0;3
125200;SUBMISSION;BOT_TAKER;TOMATOES;XIRECS;5005.0;5
127900;BOT_TAKER;BOT_MAKER;TOMATOES;XIRECS;5012.0;2
127900;BOT_TAKER;SUBMISSION;TOMATOES;XIRECS;5014.0;3
131400;BOT;SUBMISSION;EMERALDS;XIRECS;10000.0;7
132300;SUBMISSION;BOT;EMERALDS;XIRECS;10000.0;6
133100;BOT;SUBMISSION;EMERALDS;XIRECS;10000.0;9
133500;SUBMISSION;BOT_TAKER;TOMATOES;XIRECS;5008.0;3
134000;SUBMISSION;BOT_TAKER;TOMATOES;XIRECS;5007.0;3
134100;BOT_TAKER;SUBMISSION;EMERALDS;XIRECS;10007.0;3
134400;BOT_MAKER;BOT_TAKER;TOMATOES;XIRECS;5006.0;2
137700;SUBMISSION;BOT;EMERALDS;XIRECS;10000.0;6
137900;SUBMISSION;BOT;EMERALDS;XIRECS;10000.0;5
138500;BOT;SUBMISSION;EMERALDS;XIRECS;10000.0;6
139200;SUBMISSION;BOT_TAKER;TOMATOES;XIRECS;5006.0;3
139500;BOT;SUBMISSION;EMERALDS;XIRECS;10000.0;8
140600;SUBMISSION;BOT;EMERALDS;XIRECS;10000.0;9
140800;BOT;SUBMISSION;TOMATOES;XIRECS;5011.0;5
140900;BOT_TAKER;SUBMISSION;TOMATOES;XIRECS;5018.0;4
141600;SUBMISSION;BOT_TAKER;TOMATOES;XIRECS;5006.0;4
143300;SUBMISSION;BOT;EMERALDS;XIRECS;10000.0;10
145300;SUBMISSION;BOT_TAKER;EMERALDS;XIRECS;9993.0;3
145700;SUBMISSION;BOT_TAKER;EMERALDS;XIRECS;9993.0;6
147500;BOT_TAKER;SUBMISSION;TOMATOES;XIRECS;5020.0;2
147600;BOT_TAKER;SUBMISSION;TOMATOES;XIRECS;5020.0;3
151200;SUBMISSION;BOT_TAKER;TOMATOES;XIRECS;5011.0;5
152100;BOT_TAKER;SUBMISSION;EMERALDS;XIRECS;10007.0;7
152700;SUBMISSION;BOT;EMERALDS;XIRECS;10000.0;5
153700;SUBMISSION;BOT_TAKER;TOMATOES;XIRECS;5011.0;2
154300;SUBMISSION;BOT;EMERALDS;XIRECS;10000.0;7
156300;BOT;SUBMISSION;EMERALDS;XIRECS;10000.0;6
156500;SUBMISSION;BOT_TAKER;EMERALDS;XIRECS;9993.0;7
157600;BOT;SUBMISSION;TOMATOES;XIRECS;5016.0;8
158100;SUBMISSION;BOT_TAKER;TOMATOES;XIRECS;5010.0;5
158400;SUBMISSION;BOT;EMERALDS;XIRECS;10000.0;5
160800;SUBMISSION;BOT;EMERALDS;XIRECS;10000.0;5
161200;BOT;SUBMISSION;EMERALDS;XIRECS;10000.0;8
161400;SUBMISSION;BOT_TAKER;TOMATOES;XIRECS;5013.0;4
161700;BOT;SUBMISSION;TOMATOES;XIRECS;5018.0;5
162000;SUBMISSION;BOT;EMERALDS;XIRECS;10000.0;7
164500;SUBMISSION;BOT_TAKER;EMERALDS;XIRECS;9993.0;5
165600;BOT_TAKER;SUBMISSION;TOMATOES;XIRECS;5024.0;3
169100;BOT_TAKER;SUBMISSION;TOMATOES;XIRECS;5026.0;2
169400;SUBMISSION;BOT;TOMATOES;XIRECS;5020.0;2
173900;BOT_TAKER;SUBMISSION;EMERALDS;XIRECS;10007.0;3
175000;SUBMISSION;BOT_TAKER;TOMATOES;XIRECS;5014.0;3
175300;SUBMISSION;BOT_TAKER;EMERALDS;XIRECS;9993.0;5
176400;SUBMISSION;BOT;EMERALDS;XIRECS;10000.0;9
178000;SUBMISSION;BOT_TAKER;TOMATOES;XIRECS;5015.0;3
178400;BOT;SUBMISSION;TOMATOES;XIRECS;5020.0;3
178800;SUBMISSION;BOT_TAKER;EMERALDS;XIRECS;9993.0;4
180200;BOT_TAKER;SUBMISSION;TOMATOES;XIRECS;5027.0;5
180400;SUBMISSION;BOT;EMERALDS;XIRECS;10000.0;7
182000;BOT_TAKER;SUBMISSION;EMERALDS;XIRECS;10007.0;4
184700;BOT_TAKER;SUBMISSION;EMERALDS;XIRECS;10007.0;5
185600;SUBMISSION;BOT;EMERALDS;XIRECS;10000.0;10
187400;BOT;SUBMISSION;EMERALDS;XIRECS;10000.0;10
187500;SUBMISSION;BOT;EMERALDS;XIRECS;10000.0;7
187700;BOT_TAKER;SUBMISSION;EMERALDS;XIRECS;10007.0;7
188400;BOT;SUBMISSION;EMERALDS;XIRECS;10000.0;6
189300;BOT_TAKER;SUBMISSION;EMERALDS;XIRECS;10007.0;3
190200;BOT;SUBMISSION;EMERALDS;XIRECS;10000.0;8
191700;SUBMISSION;BOT_TAKER;TOMATOES;XIRECS;5012.0;2
191900;SUBMISSION;BOT_TAKER;TOMATOES;XIRECS;5012.0;3
196300;SUBMISSION;BOT_TAKER;TOMATOES;XIRECS;5011.0;5
197100;BOT_TAKER;SUBMISSION;EMERALDS;XIRECS;10007.0;3
197500;BOT_MAKER;BOT_TAKER;TOMATOES;XIRECS;5009.0;5
198500;BOT;SUBMISSION;TOMATOES;XIRECS;5016.0;7
198800;BOT_TAKER;SUBMISSION;TOMATOES;XIRECS;5022.0;2
198900;BOT_TAKER;SUBMISSION;EMERALDS;XIRECS;10007.0;5
199900;SUBMISSION;BOT_TAKER;TOMATOES;XIRECS;5012.0;5
200000;BOT_MAKER;BOT_TAKER;TOMATOES;XIRECS;5017.0;2
200200;BOT_TAKER;SUBMISSION;EMERALDS;XIRECS;10007.0;7
200300;BOT_TAKER;SUBMISSION;EMERALDS;XIRECS;10007.0;8
201300;SUBMISSION;BOT;EMERALDS;XIRECS;10000.0;9
202000;BOT_TAKER;SUBMISSION;TOMATOES;XIRECS;5026.0;2
207700;SUBMISSION;BOT_TAKER;EMERALDS;XIRECS;9993.0;4
208100;SUBMISSION;BOT;EMERALDS;XIRECS;10000.0;8
208200;SUBMISSION;BOT_TAKER;TOMATOES;XIRECS;5005.0;5
209100;BOT;SUBMISSION;TOMATOES;XIRECS;5010.0;10
209100;BOT_TAKER;SUBMISSION;EMERALDS;XIRECS;10007.0;5
211100;SUBMISSION;BOT_TAKER;TOMATOES;XIRECS;5005.0;3
211400;SUBMISSION;BOT;EMERALDS;XIRECS;10000.0;7
212200;SUBMISSION;BOT_TAKER;TOMATOES;XIRECS;5006.0;3
212900;BOT_TAKER;SUBMISSION;TOMATOES;XIRECS;5019.0;3
214000;SUBMISSION;BOT_TAKER;TOMATOES;XIRECS;5005.0;5
216400;SUBMISSION;BOT;EMERALDS;XIRECS;10000.0;5
216800;SUBMISSION;BOT;EMERALDS;XIRECS;10000.0;7
217400;BOT;SUBMISSION;EMERALDS;XIRECS;10000.0;6
217600;BOT_TAKER;SUBMISSION;TOMATOES;XIRECS;5014.0;2
217700;BOT;SUBMISSION;EMERALDS;XIRECS;10000.0;6
218500;BOT_TAKER;SUBMISSION;EMERALDS;XIRECS;10007.0;3
218900;SUBMISSION;BOT;EMERALDS;XIRECS;10000.0;8
220800;SUBMISSION;BOT_TAKER;EMERALDS;XIRECS;9993.0;3
221200;BOT_MAKER;BOT_TAKER;TOMATOES;XIRECS;5005.0;3
221600;BOT_TAKER;SUBMISSION;TOMATOES;XIRECS;5012.0;5
221700;SUBMISSION;BOT_TAKER;TOMATOES;XIRECS;5000.0;5
223000;BOT_TAKER;SUBMISSION;TOMATOES;XIRECS;5011.0;2
226200;BOT_TAKER;SUBMISSION;EMERALDS;XIRECS;10007.0;4
226700;SUBMISSION;BOT_TAKER;TOMATOES;XIRECS;4999.0;4
228300;BOT_TAKER;SUBMISSION;TOMATOES;XIRECS;5010.0;3
228400;SUBMISSION;BOT_TAKER;EMERALDS;XIRECS;9993.0;7
233300;BOT_TAKER;SUBMISSION;TOMATOES;XIRECS;5008.0;3
233600;SUBMISSION;BOT_TAKER;TOMATOES;XIRECS;4997.0;3
234200;SUBMISSION;BOT_TAKER;TOMATOES;XIRECS;4996.0;5
235400;BOT;SUBMISSION;TOMATOES;XIRECS;5002.0;10
235700;BOT_TAKER;BOT_MAKER;TOMATOES;XIRECS;5008.0;5
235800;BOT;SUBMISSION;EMERALDS;XIRECS;10000.0;8
236100;SUBMISSION;BOT_TAKER;TOMATOES;XIRECS;4996.0;4
236200;SUBMISSION;BOT_TAKER;TOMATOES;XIRECS;4996.0;5
236300;SUBMISSION;BOT_TAKER;EMERALDS;XIRECS;9993.0;5
236300;BOT_MAKER;BOT_TAKER;TOMATOES;XIRECS;4995.0;5
236900;BOT_TAKER;SUBMISSION;EMERALDS;XIRECS;10007.0;3
239100;BOT_TAKER;SUBMISSION;EMERALDS;XIRECS;10007.0;8
240500;SUBMISSION;BOT;EMERALDS;XIRECS;10000.0;5
241100;BOT_TAKER;SUBMISSION;EMERALDS;XIRECS;10007.0;6
242400;BOT;SUBMISSION;TOMATOES;XIRECS;5003.0;6
245900;SUBMISSION;BOT_TAKER;TOMATOES;XIRECS;5002.0;4
246300;BOT_TAKER;SUBMISSION;EMERALDS;XIRECS;10007.0;5
246500;BOT;SUBMISSION;TOMATOES;XIRECS;5009.0;2
246600;SUBMISSION;BOT_TAKER;EMERALDS;XIRECS;9993.0;6
250900;SUBMISSION;BOT_TAKER;TOMATOES;XIRECS;5004.0;2
251000;BOT_MAKER;BOT_TAKER;TOMATOES;XIRECS;5003.0;3
251800;BOT;SUBMISSION;EMERALDS;XIRECS;10000.0;8
252700;SUBMISSION;BOT_TAKER;TOMATOES;XIRECS;5004.0;4
253400;BOT;SUBMISSION;EMERALDS;XIRECS;10000.0;8
253600;BOT_MAKER;BOT_TAKER;TOMATOES;XIRECS;5004.0;5
254200;BOT_TAKER;BOT_MAKER;TOMATOES;XIRECS;5009.0;2
254300;BOT_TAKER;SUBMISSION;TOMATOES;XIRECS;5015.0;2
255400;BOT;SUBMISSION;EMERALDS;XIRECS;10000.0;6
257400;BOT_TAKER;SUBMISSION;TOMATOES;XIRECS;5013.0;2
257900;BOT_TAKER;SUBMISSION;EMERALDS;XIRECS;10007.0;4
258200;SUBMISSION;BOT_TAKER;EMERALDS;XIRECS;9993.0;5
258900;BOT_TAKER;SUBMISSION;EMERALDS;XIRECS;10007.0;7
262700;BOT;SUBMISSION;TOMATOES;XIRECS;5013.0;9
264100;SUBMISSION;BOT;EMERALDS;XIRECS;10000.0;10
264600;SUBMISSION;BOT_TAKER;EMERALDS;XIRECS;9993.0;4
266100;SUBMISSION;BOT;EMERALDS;XIRECS;10000.0;6
266400;SUBMISSION;BOT;TOMATOES;XIRECS;5015.0;2
266600;SUBMISSION;BOT_TAKER;EMERALDS;XIRECS;9993.0;5
267100;SUBMISSION;BOT_TAKER;TOMATOES;XIRECS;5011.0;2
267200;SUBMISSION;BOT_TAKER;EMERALDS;XIRECS;9993.0;5
268100;SUBMISSION;BOT_TAKER;TOMATOES;XIRECS;5011.0;3
269600;BOT_TAKER;SUBMISSION;TOMATOES;XIRECS;5022.0;2
270200;SUBMISSION;BOT;EMERALDS;XIRECS;10000.0;6
272000;SUBMISSION;BOT;EMERALDS;XIRECS;10000.0;8
272800;SUBMISSION;BOT_TAKER;TOMATOES;XIRECS;5004.0;4
274300;BOT;SUBMISSION;TOMATOES;XIRECS;5012.0;10
274300;BOT_TAKER;SUBMISSION;TOMATOES;XIRECS;5017.0;4
275300;BOT_TAKER;BOT_MAKER;TOMATOES;XIRECS;5016.0;4
275900;SUBMISSION;BOT;EMERALDS;XIRECS;10000.0;8
276200;SUBMISSION;BOT;TOMATOES;XIRECS;5011.0;4
281100;BOT_TAKER;BOT_MAKER;TOMATOES;XIRECS;5021.0;5
285500;SUBMISSION;BOT_TAKER;TOMATOES;XIRECS;5007.0;3
285800;SUBMISSION;BOT;EMERALDS;XIRECS;10000.0;7
286000;BOT;SUBMISSION;EMERALDS;XIRECS;10000.0;10
286800;SUBMISSION;BOT;EMERALDS;XIRECS;10000.0;8
287000;BOT_TAKER;SUBMISSION;TOMATOES;XIRECS;5019.0;4
287100;BOT_TAKER;BOT_MAKER;TOMATOES;XIRECS;5020.0;4
288900;SUBMISSION;BOT;EMERALDS;XIRECS;10000.0;7
289500;BOT_TAKER;BOT_MAKER;TOMATOES;XIRECS;5019.0;3
290400;SUBMISSION;BOT_TAKER;TOMATOES;XIRECS;5007.0;4
290900;BOT_TAKER;BOT_MAKER;TOMATOES;XIRECS;5017.0;5
292000;SUBMISSION;BOT_TAKER;EMERALDS;XIRECS;9993.0;6
292400;BOT;SUBMISSION;EMERALDS;XIRECS;10000.0;7
292400;BOT_TAKER;BOT_MAKER;TOMATOES;XIRECS;5018.0;4
293100;SUBMISSION;BOT_TAKER;EMERALDS;XIRECS;9993.0;7
293800;SUBMISSION;BOT_TAKER;TOMATOES;XIRECS;5008.0;4
294200;BOT_TAKER;SUBMISSION;EMERALDS;XIRECS;10007.0;5
295700;SUBMISSION;BOT_TAKER;TOMATOES;XIRECS;5009.0;2
296200;BOT;SUBMISSION;TOMATOES;XIRECS;5016.0;6
296700;SUBMISSION;BOT_TAKER;TOMATOES;XIRECS;5010.0;3
297400;BOT_TAKER;SUBMISSION;EMERALDS;XIRECS;10007.0;8
298000;BOT_TAKER;SUBMISSION;TOMATOES;XIRECS;5019.0;3
298200;SUBMISSION;BOT;TOMATOES;XIRECS;5014.0;5
298300;SUBMISSION;BOT_TAKER;TOMATOES;XIRECS;5009.0;4
299700;BOT;SUBMISSION;EMERALDS;XIRECS;10000.0;5
300100;SUBMISSION;BOT;EMERALDS;XIRECS;10000.0;10
300300;BOT_MAKER;BOT_TAKER;TOMATOES;XIRECS;5010.0;2
301600;BOT_TAKER;SUBMISSION;EMERALDS;XIRECS;10007.0;4
302000;SUBMISSION;BOT_TAKER;EMERALDS;XIRECS;9993.0;7
302900;BOT;SUBMISSION;EMERALDS;XIRECS;10000.0;5
303000;BOT_MAKER;BOT_TAKER;TOMATOES;XIRECS;5013.0;5
303300;SUBMISSION;BOT;EMERALDS;XIRECS;10000.0;5
303900;BOT_TAKER;SUBMISSION;EMERALDS;XIRECS;10007.0;5
304400;SUBMISSION;BOT;EMERALDS;XIRECS;10000.0;9
304500;BOT_MAKER;BOT_TAKER;TOMATOES;XIRECS;5015.0;3
304700;SUBMISSION;BOT_TAKER;TOMATOES;XIRECS;5015.0;5
304900;BOT_MAKER;BOT_TAKER;TOMATOES;XIRECS;5014.0;5
305800;BOT_TAKER;SUBMISSION;EMERALDS;XIRECS;10007.0;4
306500;BOT;SUBMISSION;EMERALDS;XIRECS;10000.0;8
309400;BOT;SUBMISSION;TOMATOES;XIRECS;5027.0;11
312000;SUBMISSION;BOT;EMERALDS;XIRECS;10000.0;5
312200;BOT_TAKER;SUBMISSION;TOMATOES;XIRECS;5029.0;2
313100;SUBMISSION;BOT;EMERALDS;XIRECS;10000.0;5
313600;BOT_TAKER;BOT_MAKER;TOMATOES;XIRECS;5027.0;3
315500;SUBMISSION;BOT;EMERALDS;XIRECS;10000.0;6
316200;SUBMISSION;BOT_TAKER;TOMATOES;XIRECS;5013.0;2
316900;BOT_TAKER;SUBMISSION;TOMATOES;XIRECS;5024.0;4
317100;SUBMISSION;BOT_TAKER;TOMATOES;XIRECS;5013.0;3
317800;BOT_TAKER;SUBMISSION;TOMATOES;XIRECS;5026.0;2
318400;BOT_TAKER;SUBMISSION;TOMATOES;XIRECS;5027.0;4
318800;BOT;SUBMISSION;EMERALDS;XIRECS;10000.0;10
319000;SUBMISSION;BOT;EMERALDS;XIRECS;10000.0;6
320000;BOT;SUBMISSION;EMERALDS;XIRECS;10000.0;10
320800;BOT_TAKER;BOT_MAKER;TOMATOES;XIRECS;5028.0;5
321100;BOT_TAKER;BOT_MAKER;TOMATOES;XIRECS;5028.0;2
321700;BOT_TAKER;BOT_MAKER;TOMATOES;XIRECS;5029.0;4
321800;SUBMISSION;BOT;EMERALDS;XIRECS;10000.0;10
322800;SUBMISSION;BOT;EMERALDS;XIRECS;10000.0;6
323100;BOT_TAKER;BOT_MAKER;TOMATOES;XIRECS;5029.0;4
323500;BOT;SUBMISSION;EMERALDS;XIRECS;10000.0;6
324700;SUBMISSION;BOT_TAKER;TOMATOES;XIRECS;5019.0;2
325600;BOT_TAKER;BOT_MAKER;TOMATOES;XIRECS;5030.0;3
326000;BOT;SUBMISSION;EMERALDS;XIRECS;10000.0;9
327800;SUBMISSION;BOT_TAKER;TOMATOES;XIRECS;5018.0;5
328200;SUBMISSION;BOT_TAKER;EMERALDS;XIRECS;9993.0;7
328500;SUBMISSION;BOT_TAKER;TOMATOES;XIRECS;5017.0;5
330000;SUBMISSION;BOT;EMERALDS;XIRECS;10000.0;7
330900;BOT_TAKER;SUBMISSION;TOMATOES;XIRECS;5025.0;2
333000;SUBMISSION;BOT_TAKER;EMERALDS;XIRECS;9993.0;6
333200;SUBMISSION;BOT;EMERALDS;XIRECS;10000.0;8
333800;SUBMISSION;BOT_TAKER;TOMATOES;XIRECS;5012.0;5
334900;BOT;SUBMISSION;TOMATOES;XIRECS;5014.0;4
335000;SUBMISSION;BOT;EMERALDS;XIRECS;10000.0;5
335100;SUBMISSION;BOT;EMERALDS;XIRECS;10000.0;7
335200;SUBMISSION;BOT;EMERALDS;XIRECS;10000.0;9
335300;BOT_TAKER;SUBMISSION;TOMATOES;XIRECS;5021.0;4
335600;BOT_TAKER;SUBMISSION;TOMATOES;XIRECS;5021.0;2
338700;BOT_TAKER;SUBMISSION;EMERALDS;XIRECS;10007.0;5
338900;SUBMISSION;BOT;TOMATOES;XIRECS;5010.0;7
343100;BOT_TAKER;SUBMISSION;TOMATOES;XIRECS;5012.0;3
344600;SUBMISSION;BOT;EMERALDS;XIRECS;10000.0;9
345200;BOT_TAKER;SUBMISSION;EMERALDS;XIRECS;10007.0;7
346900;SUBMISSION;BOT_TAKER;TOMATOES;XIRECS;5001.0;4
349200;BOT_TAKER;SUBMISSION;EMERALDS;XIRECS;10007.0;5
350600;SUBMISSION;BOT;EMERALDS;XIRECS;10000.0;8
351900;BOT_TAKER;SUBMISSION;TOMATOES;XIRECS;5012.0;3
352200;BOT;SUBMISSION;EMERALDS;XIRECS;10000.0;7
352700;BOT_TAKER;SUBMISSION;EMERALDS;XIRECS;10007.0;6
355300;BOT_TAKER;SUBMISSION;TOMATOES;XIRECS;5015.0;3
357100;SUBMISSION;BOT_TAKER;EMERALDS;XIRECS;9993.0;5
357500;SUBMISSION;BOT_TAKER;TOMATOES;XIRECS;5004.0;3
358600;SUBMISSION;BOT_TAKER;TOMATOES;XIRECS;5003.0;4
359200;BOT;SUBMISSION;TOMATOES;XIRECS;5009.0;3
360000;SUBMISSION;BOT_TAKER;TOMATOES;XIRECS;5003.0;3
361400;SUBMISSION;BOT;EMERALDS;XIRECS;10000.0;8
361400;BOT;SUBMISSION;TOMATOES;XIRECS;5006.0;2
361600;BOT;SUBMISSION;TOMATOES;XIRECS;5009.0;7
362800;SUBMISSION;BOT_TAKER;EMERALDS;XIRECS;9993.0;4
362900;SUBMISSION;BOT;EMERALDS;XIRECS;10000.0;10
363200;SUBMISSION;BOT_TAKER;TOMATOES;XIRECS;5002.0;5
363400;SUBMISSION;BOT_TAKER;TOMATOES;XIRECS;5002.0;2
364100;SUBMISSION;BOT_TAKER;EMERALDS;XIRECS;9993.0;5
364400;SUBMISSION;BOT;EMERALDS;XIRECS;10000.0;10
365500;SUBMISSION;BOT_TAKER;TOMATOES;XIRECS;5000.0;3
366100;BOT;SUBMISSION;EMERALDS;XIRECS;10000.0;9
367600;BOT;SUBMISSION;TOMATOES;XIRECS;5007.0;3
368400;SUBMISSION;BOT_TAKER;TOMATOES;XIRECS;5002.0;3
368800;BOT_TAKER;SUBMISSION;TOMATOES;XIRECS;5010.0;5
373000;SUBMISSION;BOT;EMERALDS;XIRECS;10000.0;8
373200;BOT_TAKER;SUBMISSION;EMERALDS;XIRECS;10000.0;7
373700;BOT;SUBMISSION;EMERALDS;XIRECS;10000.0;10
374400;SUBMISSION;BOT_TAKER;TOMATOES;XIRECS;4997.0;2
375000;SUBMISSION;BOT_TAKER;EMERALDS;XIRECS;9993.0;8
375300;BOT_TAKER;SUBMISSION;TOMATOES;XIRECS;5007.0;5
376200;SUBMISSION;BOT_TAKER;TOMATOES;XIRECS;4995.0;5
376300;BOT_TAKER;SUBMISSION;EMERALDS;XIRECS;10007.0;3
376400;BOT_TAKER;SUBMISSION;EMERALDS;XIRECS;10007.0;5
377200;SUBMISSION;BOT;EMERALDS;XIRECS;10000.0;8
377900;BOT_MAKER;BOT_TAKER;TOMATOES;XIRECS;4993.0;3
382300;BOT;SUBMISSION;EMERALDS;XIRECS;10000.0;5
383200;BOT_MAKER;BOT_TAKER;TOMATOES;XIRECS;4992.0;4
384900;BOT;SUBMISSION;TOMATOES;XIRECS;4997.0;2
390500;BOT;SUBMISSION;EMERALDS;XIRECS;10000.0;6
391200;SUBMISSION;BOT_TAKER;EMERALDS;XIRECS;9993.0;5
391600;SUBMISSION;BOT;EMERALDS;XIRECS;10000.0;8
391600;SUBMISSION;BOT_TAKER;TOMATOES;XIRECS;4991.0;5
393000;BOT_MAKER;BOT_TAKER;TOMATOES;XIRECS;4990.0;5
394000;BOT;SUBMISSION;EMERALDS;XIRECS;10000.0;9
395600;BOT;SUBMISSION;TOMATOES;XIRECS;4995.0;2
397100;SUBMISSION;BOT;EMERALDS;XIRECS;10000.0;5
397700;BOT;SUBMISSION;EMERALDS;XIRECS;10000.0;9
398000;BOT;SUBMISSION;EMERALDS;XIRECS;10000.0;6
398600;BOT_TAKER;SUBMISSION;TOMATOES;XIRECS;5006.0;5
399600;BOT;SUBMISSION;EMERALDS;XIRECS;10000.0;8
400400;SUBMISSION;BOT;EMERALDS;XIRECS;10000.0;9
403000;SUBMISSION;BOT_TAKER;TOMATOES;XIRECS;4988.0;2
403400;BOT;SUBMISSION;EMERALDS;XIRECS;10000.0;5
404100;BOT;SUBMISSION;EMERALDS;XIRECS;10000.0;6
404500;SUBMISSION;BOT;EMERALDS;XIRECS;10000.0;9
407500;SUBMISSION;BOT;EMERALDS;XIRECS;10000.0;10
410100;BOT;SUBMISSION;EMERALDS;XIRECS;10000.0;5
410400;BOT_TAKER;SUBMISSION;TOMATOES;XIRECS;5009.0;5
411800;BOT_TAKER;BOT_MAKER;TOMATOES;XIRECS;5008.0;4
414800;SUBMISSION;BOT;EMERALDS;XIRECS;10000.0;5
415000;BOT;SUBMISSION;EMERALDS;XIRECS;10000.0;8
415000;SUBMISSION;BOT_TAKER;TOMATOES;XIRECS;4998.0;5
415100;SUBMISSION;BOT;EMERALDS;XIRECS;10000.0;9
420700;SUBMISSION;BOT_TAKER;EMERALDS;XIRECS;9993.0;5
421600;BOT_TAKER;SUBMISSION;EMERALDS;XIRECS;10007.0;7
425800;SUBMISSION;BOT_TAKER;EMERALDS;XIRECS;9993.0;3
426100;BOT_TAKER;SUBMISSION;TOMATOES;XIRECS;5005.0;2
426400;SUBMISSION;BOT;EMERALDS;XIRECS;10000.0;6
427800;BOT_TAKER;SUBMISSION;EMERALDS;XIRECS;10007.0;7
428200;SUBMISSION;BOT_TAKER;TOMATOES;XIRECS;4989.0;3
428300;BOT_TAKER;SUBMISSION;EMERALDS;XIRECS;10007.0;5
429800;SUBMISSION;BOT;EMERALDS;XIRECS;10000.0;5
430900;BOT;SUBMISSION;EMERALDS;XIRECS;10000.0;5
431100;BOT_TAKER;SUBMISSION;TOMATOES;XIRECS;4999.0;5
431700;SUBMISSION;BOT;EMERALDS;XIRECS;10000.0;8
431800;SUBMISSION;BOT_TAKER;EMERALDS;XIRECS;9993.0;6
432100;BOT;SUBMISSION;EMERALDS;XIRECS;10000.0;10
432200;BOT;SUBMISSION;EMERALDS;XIRECS;10000.0;9
432400;SUBMISSION;BOT_TAKER;EMERALDS;XIRECS;9993.0;6
433000;SUBMISSION;BOT_TAKER;EMERALDS;XIRECS;9993.0;7
433900;SUBMISSION;BOT_TAKER;EMERALDS;XIRECS;9993.0;5
434900;BOT_TAKER;SUBMISSION;EMERALDS;XIRECS;10007.0;4
436000;BOT;SUBMISSION;EMERALDS;XIRECS;10000.0;8
436300;BOT_TAKER;BOT_MAKER;TOMATOES;XIRECS;4995.0;3
437100;SUBMISSION;BOT_TAKER;TOMATOES;XIRECS;4983.0;3
440700;BOT_TAKER;SUBMISSION;EMERALDS;XIRECS;10007.0;7
443500;BOT_TAKER;SUBMISSION;TOMATOES;XIRECS;5003.0;5
443800;BOT_TAKER;SUBMISSION;TOMATOES;XIRECS;5004.0;3
447800;BOT_TAKER;BOT_MAKER;TOMATOES;XIRECS;4999.0;2
448400;SUBMISSION;BOT_TAKER;TOMATOES;XIRECS;4986.0;2
448800;SUBMISSION;BOT_TAKER;TOMATOES;XIRECS;4985.0;2
449100;BOT;SUBMISSION;EMERALDS;XIRECS;10000.0;5
449700;SUBMISSION;BOT_TAKER;TOMATOES;XIRECS;4986.0;5
449900;BOT_MAKER;BOT_TAKER;TOMATOES;XIRECS;4990.0;2
452800;BOT_TAKER;SUBMISSION;EMERALDS;XIRECS;10007.0;8
453500;SUBMISSION;BOT_TAKER;TOMATOES;XIRECS;4986.0;5
454200;BOT_TAKER;SUBMISSION;EMERALDS;XIRECS;10007.0;4
454600;SUBMISSION;BOT;EMERALDS;XIRECS;10000.0;6
456300;BOT_MAKER;BOT_TAKER;TOMATOES;XIRECS;4984.0;2
456900;BOT;SUBMISSION;EMERALDS;XIRECS;10000.0;10
457300;BOT;SUBMISSION;EMERALDS;XIRECS;10000.0;7
460000;BOT;SUBMISSION;TOMATOES;XIRECS;4989.0;10
460700;BOT;SUBMISSION;EMERALDS;XIRECS;10000.0;10
461500;BOT_TAKER;BOT_MAKER;TOMATOES;XIRECS;4995.0;2
464500;SUBMISSION;BOT;TOMATOES;XIRECS;4988.0;5
468700;BOT;SUBMISSION;EMERALDS;XIRECS;10000.0;7
468900;BOT;SUBMISSION;EMERALDS;XIRECS;10000.0;6
470500;BOT_TAKER;SUBMISSION;TOMATOES;XIRECS;4997.0;5
471100;SUBMISSION;BOT;TOMATOES;XIRECS;4990.0;2
471100;BOT_TAKER;BOT_MAKER;TOMATOES;XIRECS;4995.0;4
471500;SUBMISSION;BOT;EMERALDS;XIRECS;10000.0;6
471700;BOT_TAKER;SUBMISSION;EMERALDS;XIRECS;10007.0;8
473700;BOT_TAKER;SUBMISSION;TOMATOES;XIRECS;4992.0;2
475400;SUBMISSION;BOT;TOMATOES;XIRECS;4984.0;5
475900;BOT;SUBMISSION;EMERALDS;XIRECS;10000.0;6
476100;BOT_TAKER;SUBMISSION;TOMATOES;XIRECS;4993.0;5
476200;SUBMISSION;BOT;EMERALDS;XIRECS;10000.0;8
478100;SUBMISSION;BOT_TAKER;TOMATOES;XIRECS;4981.0;2
479400;SUBMISSION;BOT_TAKER;EMERALDS;XIRECS;9993.0;3
479700;SUBMISSION;BOT;EMERALDS;XIRECS;10000.0;8
483000;SUBMISSION;BOT_TAKER;TOMATOES;XIRECS;4979.0;4
484500;BOT_TAKER;SUBMISSION;TOMATOES;XIRECS;4991.0;3
485700;SUBMISSION;BOT;EMERALDS;XIRECS;10000.0;7
486500;SUBMISSION;BOT_TAKER;TOMATOES;XIRECS;4975.0;5
487400;SUBMISSION;BOT;EMERALDS;XIRECS;10000.0;6
489200;SUBMISSION;BOT;EMERALDS;XIRECS;10000.0;7
489900;BOT;SUBMISSION;EMERALDS;XIRECS;10000.0;6
490300;SUBMISSION;BOT_TAKER;EMERALDS;XIRECS;9993.0;3
490600;SUBMISSION;BOT;EMERALDS;XIRECS;10000.0;7
491000;SUBMISSION;BOT;EMERALDS;XIRECS;10000.0;6
491900;BOT;SUBMISSION;EMERALDS;XIRECS;10000.0;8
492200;BOT_MAKER;BOT_TAKER;TOMATOES;XIRECS;4974.0;2
492400;BOT_TAKER;SUBMISSION;EMERALDS;XIRECS;10007.0;6
492800;BOT;SUBMISSION;TOMATOES;XIRECS;4978.0;3
493400;BOT_TAKER;SUBMISSION;TOMATOES;XIRECS;4983.0;3
494300;BOT_TAKER;SUBMISSION;EMERALDS;XIRECS;10007.0;5
496500;BOT;SUBMISSION;EMERALDS;XIRECS;10000.0;7
497000;BOT_TAKER;SUBMISSION;EMERALDS;XIRECS;10007.0;3
501500;SUBMISSION;BOT;TOMATOES;XIRECS;4974.0;3
501600;SUBMISSION;BOT;EMERALDS;XIRECS;10000.0;6
501800;SUBMISSION;BOT;EMERALDS;XIRECS;10000.0;10
501900;SUBMISSION;BOT;EMERALDS;XIRECS;10000.0;10
502500;SUBMISSION;BOT;EMERALDS;XIRECS;10000.0;6
504500;BOT_TAKER;SUBMISSION;EMERALDS;XIRECS;10007.0;5
506100;SUBMISSION;BOT_TAKER;TOMATOES;XIRECS;4965.0;5
506700;BOT;SUBMISSION;TOMATOES;XIRECS;4969.0;6
509000;BOT;SUBMISSION;EMERALDS;XIRECS;10000.0;7
516400;SUBMISSION;BOT_TAKER;EMERALDS;XIRECS;9993.0;3
517900;SUBMISSION;BOT;EMERALDS;XIRECS;10000.0;6
519500;SUBMISSION;BOT;EMERALDS;XIRECS;10000.0;10
519700;BOT_TAKER;SUBMISSION;TOMATOES;XIRECS;4972.0;5
519900;SUBMISSION;BOT;TOMATOES;XIRECS;4965.0;12
521100;BOT_TAKER;SUBMISSION;TOMATOES;XIRECS;4969.0;4
521300;BOT;SUBMISSION;EMERALDS;XIRECS;10000.0;7
522100;BOT_MAKER;BOT_TAKER;TOMATOES;XIRECS;4960.0;5
523600;SUBMISSION;BOT_TAKER;TOMATOES;XIRECS;4959.0;3
524300;SUBMISSION;BOT_TAKER;EMERALDS;XIRECS;9993.0;6
524700;BOT_MAKER;BOT_TAKER;TOMATOES;XIRECS;4958.0;3
525100;BOT_TAKER;SUBMISSION;TOMATOES;XIRECS;4970.0;4
527000;BOT_TAKER;SUBMISSION;EMERALDS;XIRECS;10007.0;4
528400;SUBMISSION;BOT;EMERALDS;XIRECS;10000.0;6
528900;BOT;SUBMISSION;TOMATOES;XIRECS;4964.0;11
529700;SUBMISSION;BOT_TAKER;TOMATOES;XIRECS;4955.0;3
533300;SUBMISSION;BOT;TOMATOES;XIRECS;4965.0;2
534200;SUBMISSION;BOT_TAKER;EMERALDS;XIRECS;9993.0;3
534500;BOT;SUBMISSION;EMERALDS;XIRECS;10000.0;5
534600;SUBMISSION;BOT_TAKER;EMERALDS;XIRECS;9993.0;7
534800;BOT_TAKER;BOT_MAKER;TOMATOES;XIRECS;4969.0;3
537300;BOT_TAKER;SUBMISSION;TOMATOES;XIRECS;4965.0;2
538000;BOT_TAKER;BOT_MAKER;TOMATOES;XIRECS;4967.0;5
542100;SUBMISSION;BOT;TOMATOES;XIRECS;4964.0;2
544000;SUBMISSION;BOT;TOMATOES;XIRECS;4960.0;7
545100;SUBMISSION;BOT;EMERALDS;XIRECS;10000.0;7
546200;BOT;SUBMISSION;TOMATOES;XIRECS;4964.0;9
546800;BOT_TAKER;BOT_MAKER;TOMATOES;XIRECS;4971.0;4
547000;BOT_TAKER;BOT_MAKER;TOMATOES;XIRECS;4970.0;5
547300;BOT_TAKER;BOT_MAKER;TOMATOES;XIRECS;4970.0;4
547900;SUBMISSION;BOT_TAKER;TOMATOES;XIRECS;4959.0;4
548600;BOT;SUBMISSION;EMERALDS;XIRECS;10000.0;7
549200;BOT_TAKER;SUBMISSION;TOMATOES;XIRECS;4973.0;2
551300;SUBMISSION;BOT;EMERALDS;XIRECS;10000.0;6
553300;SUBMISSION;BOT_TAKER;TOMATOES;XIRECS;4966.0;3
553900;BOT;SUBMISSION;EMERALDS;XIRECS;10000.0;8
556300;SUBMISSION;BOT_TAKER;TOMATOES;XIRECS;4967.0;3
556600;SUBMISSION;BOT;EMERALDS;XIRECS;10000.0;9
557900;SUBMISSION;BOT;EMERALDS;XIRECS;10000.0;7
562000;BOT_TAKER;SUBMISSION;TOMATOES;XIRECS;4974.0;3
564400;SUBMISSION;BOT_TAKER;EMERALDS;XIRECS;9993.0;6
565500;BOT_TAKER;SUBMISSION;EMERALDS;XIRECS;10000.0;4
566900;SUBMISSION;BOT_TAKER;EMERALDS;XIRECS;9993.0;6
567700;SUBMISSION;BOT_TAKER;EMERALDS;XIRECS;9993.0;3
567700;BOT_MAKER;BOT_TAKER;EMERALDS;XIRECS;9992.0;5
568300;BOT_MAKER;BOT_TAKER;EMERALDS;XIRECS;9992.0;6
568500;BOT_TAKER;SUBMISSION;EMERALDS;XIRECS;10000.0;5
568600;BOT_TAKER;SUBMISSION;TOMATOES;XIRECS;4973.0;3
569500;SUBMISSION;BOT;TOMATOES;XIRECS;4966.0;5
569600;BOT_TAKER;SUBMISSION;EMERALDS;XIRECS;10000.0;3
570700;BOT_TAKER;SUBMISSION;EMERALDS;XIRECS;10000.0;8
574700;SUBMISSION;BOT_TAKER;TOMATOES;XIRECS;4957.0;5
575800;BOT_MAKER;BOT_TAKER;TOMATOES;XIRECS;4954.0;2
579200;SUBMISSION;BOT_TAKER;EMERALDS;XIRECS;9993.0;8
580200;SUBMISSION;BOT_TAKER;EMERALDS;XIRECS;9993.0;5
580300;BOT_MAKER;BOT_TAKER;TOMATOES;XIRECS;4957.0;2
582300;BOT_TAKER;SUBMISSION;TOMATOES;XIRECS;4969.0;4
582800;SUBMISSION;BOT;EMERALDS;XIRECS;10000.0;3
583200;SUBMISSION;BOT_TAKER;TOMATOES;XIRECS;4960.0;3
583600;BOT;SUBMISSION;TOMATOES;XIRECS;4966.0;9
586000;SUBMISSION;BOT;TOMATOES;XIRECS;4966.0;2
587200;BOT;SUBMISSION;EMERALDS;XIRECS;10000.0;6
587600;SUBMISSION;BOT_TAKER;TOMATOES;XIRECS;4964.0;4
587700;BOT_TAKER;SUBMISSION;TOMATOES;XIRECS;4976.0;4
589000;SUBMISSION;BOT_TAKER;EMERALDS;XIRECS;9993.0;6
589900;BOT;SUBMISSION;EMERALDS;XIRECS;10000.0;6
590800;BOT_TAKER;SUBMISSION;EMERALDS;XIRECS;10000.0;7
591000;SUBMISSION;BOT_TAKER;TOMATOES;XIRECS;4966.0;2
591800;BOT_TAKER;SUBMISSION;TOMATOES;XIRECS;4978.0;2
593200;BOT;SUBMISSION;EMERALDS;XIRECS;10000.0;5
599100;SUBMISSION;BOT;EMERALDS;XIRECS;10000.0;7
600000;BOT_TAKER;SUBMISSION;TOMATOES;XIRECS;4979.0;2
601300;SUBMISSION;BOT;EMERALDS;XIRECS;10000.0;7
603500;BOT_TAKER;SUBMISSION;TOMATOES;XIRECS;4979.0;2
606700;BOT_TAKER;SUBMISSION;EMERALDS;XIRECS;10000.0;4
607300;SUBMISSION;BOT;EMERALDS;XIRECS;10000.0;8
607600;SUBMISSION;BOT_TAKER;TOMATOES;XIRECS;4966.0;4
607700;SUBMISSION;BOT;TOMATOES;XIRECS;4971.0;4
608900;BOT_MAKER;BOT_TAKER;EMERALDS;XIRECS;9992.0;5
609800;BOT;SUBMISSION;TOMATOES;XIRECS;4974.0;6
610500;BOT_MAKER;BOT_TAKER;EMERALDS;XIRECS;9992.0;6
611000;SUBMISSION;BOT_TAKER;TOMATOES;XIRECS;4968.0;5
612100;SUBMISSION;BOT_TAKER;TOMATOES;XIRECS;4966.0;2
612500;BOT_MAKER;BOT_TAKER;EMERALDS;XIRECS;9992.0;6
613200;BOT_MAKER;BOT_TAKER;EMERALDS;XIRECS;9992.0;4
613200;BOT_TAKER;SUBMISSION;TOMATOES;XIRECS;4977.0;5
614800;SUBMISSION;BOT_TAKER;TOMATOES;XIRECS;4967.0;4
618200;SUBMISSION;BOT_TAKER;TOMATOES;XIRECS;4967.0;5
622000;BOT;SUBMISSION;TOMATOES;XIRECS;4978.0;2
622700;BOT_TAKER;SUBMISSION;TOMATOES;XIRECS;4985.0;4
622900;BOT;SUBMISSION;EMERALDS;XIRECS;10000.0;6
623700;SUBMISSION;BOT_TAKER;TOMATOES;XIRECS;4975.0;5
624700;BOT;SUBMISSION;EMERALDS;XIRECS;10000.0;6
624800;SUBMISSION;BOT;EMERALDS;XIRECS;10000.0;10
626300;BOT_TAKER;SUBMISSION;TOMATOES;XIRECS;4982.0;5
626800;SUBMISSION;BOT;EMERALDS;XIRECS;10000.0;2
628700;BOT_TAKER;SUBMISSION;EMERALDS;XIRECS;10000.0;6
631200;BOT;SUBMISSION;EMERALDS;XIRECS;10000.0;5
632400;SUBMISSION;BOT_TAKER;EMERALDS;XIRECS;9993.0;3
632700;BOT_TAKER;SUBMISSION;TOMATOES;XIRECS;4979.0;5
632800;SUBMISSION;BOT;TOMATOES;XIRECS;4973.0;5
633500;SUBMISSION;BOT_TAKER;TOMATOES;XIRECS;4969.0;2
634400;BOT_TAKER;SUBMISSION;TOMATOES;XIRECS;4984.0;5
634600;SUBMISSION;BOT_TAKER;TOMATOES;XIRECS;4972.0;3
637100;SUBMISSION;BOT_TAKER;TOMATOES;XIRECS;4974.0;5
637700;BOT;SUBMISSION;EMERALDS;XIRECS;10000.0;8
638100;BOT_TAKER;SUBMISSION;EMERALDS;XIRECS;10007.0;5
638500;BOT;SUBMISSION;EMERALDS;XIRECS;10000.0;9
638800;SUBMISSION;BOT;EMERALDS;XIRECS;10000.0;8
639700;SUBMISSION;BOT;EMERALDS;XIRECS;10000.0;7
640900;SUBMISSION;BOT;EMERALDS;XIRECS;10000.0;9
641600;BOT_TAKER;SUBMISSION;TOMATOES;XIRECS;4985.0;2
642800;SUBMISSION;BOT;EMERALDS;XIRECS;10000.0;5
645200;BOT_MAKER;BOT_TAKER;TOMATOES;XIRECS;4974.0;4
646800;SUBMISSION;BOT;EMERALDS;XIRECS;10000.0;1
647500;BOT_TAKER;SUBMISSION;TOMATOES;XIRECS;4988.0;4
648300;BOT_MAKER;BOT_TAKER;TOMATOES;XIRECS;4979.0;2
648600;BOT_TAKER;SUBMISSION;TOMATOES;XIRECS;4992.0;3
649100;SUBMISSION;BOT_TAKER;TOMATOES;XIRECS;4979.0;2
651000;SUBMISSION;BOT_TAKER;TOMATOES;XIRECS;4977.0;5
654100;BOT_TAKER;SUBMISSION;EMERALDS;XIRECS;10000.0;3
654700;BOT_TAKER;SUBMISSION;TOMATOES;XIRECS;4986.0;5
656800;BOT;SUBMISSION;EMERALDS;XIRECS;10000.0;8
657200;BOT_TAKER;SUBMISSION;TOMATOES;XIRECS;4988.0;5
658800;BOT_TAKER;SUBMISSION;EMERALDS;XIRECS;10007.0;8
660300;BOT_TAKER;SUBMISSION;TOMATOES;XIRECS;4991.0;2
660600;SUBMISSION;BOT_TAKER;TOMATOES;XIRECS;4979.0;2
660800;BOT;SUBMISSION;EMERALDS;XIRECS;10000.0;9
662900;SUBMISSION;BOT;TOMATOES;XIRECS;4985.0;3
665800;SUBMISSION;BOT_TAKER;EMERALDS;XIRECS;9993.0;3
666100;BOT_TAKER;SUBMISSION;TOMATOES;XIRECS;4986.0;3
667100;SUBMISSION;BOT;TOMATOES;XIRECS;4981.0;5
667200;BOT;SUBMISSION;EMERALDS;XIRECS;10000.0;10
667700;BOT_TAKER;SUBMISSION;TOMATOES;XIRECS;4984.0;4
668100;BOT_TAKER;BOT_MAKER;TOMATOES;XIRECS;4985.0;5
668200;SUBMISSION;BOT;EMERALDS;XIRECS;10000.0;10
668800;BOT;SUBMISSION;EMERALDS;XIRECS;10000.0;9
669600;BOT;SUBMISSION;EMERALDS;XIRECS;10000.0;8
670000;BOT_TAKER;SUBMISSION;EMERALDS;XIRECS;10007.0;8
671300;BOT;SUBMISSION;EMERALDS;XIRECS;10000.0;8
672700;SUBMISSION;BOT;TOMATOES;XIRECS;4978.0;3
672900;SUBMISSION;BOT;EMERALDS;XIRECS;10000.0;7
674500;BOT_TAKER;SUBMISSION;EMERALDS;XIRECS;10007.0;5
675600;BOT;SUBMISSION;EMERALDS;XIRECS;10000.0;7
678400;SUBMISSION;BOT_TAKER;EMERALDS;XIRECS;9993.0;5
681500;SUBMISSION;BOT_TAKER;EMERALDS;XIRECS;9993.0;3
682300;BOT;SUBMISSION;EMERALDS;XIRECS;10000.0;10
683800;SUBMISSION;BOT_TAKER;TOMATOES;XIRECS;4974.0;2
684600;BOT_TAKER;BOT_MAKER;TOMATOES;XIRECS;4979.0;5
684700;BOT;SUBMISSION;EMERALDS;XIRECS;10000.0;7
687900;SUBMISSION;BOT_TAKER;EMERALDS;XIRECS;9993.0;8
688500;SUBMISSION;BOT;EMERALDS;XIRECS;10000.0;7
690100;SUBMISSION;BOT_TAKER;TOMATOES;XIRECS;4979.0;3
690300;BOT;SUBMISSION;TOMATOES;XIRECS;4984.0;2
692200;BOT_TAKER;SUBMISSION;TOMATOES;XIRECS;4989.0;4
692700;SUBMISSION;BOT;EMERALDS;XIRECS;10000.0;9
693100;SUBMISSION;BOT;EMERALDS;XIRECS;10000.0;8
693500;BOT;SUBMISSION;EMERALDS;XIRECS;10000.0;10
694100;SUBMISSION;BOT_TAKER;TOMATOES;XIRECS;4976.0;4
695900;BOT;SUBMISSION;EMERALDS;XIRECS;10000.0;8
697700;BOT_TAKER;SUBMISSION;TOMATOES;XIRECS;4987.0;5
698200;SUBMISSION;BOT_TAKER;EMERALDS;XIRECS;9993.0;3
700000;SUBMISSION;BOT;EMERALDS;XIRECS;10000.0;9
701800;BOT_TAKER;BOT_MAKER;TOMATOES;XIRECS;4981.0;4
705000;SUBMISSION;BOT_TAKER;EMERALDS;XIRECS;9993.0;4
705300;BOT_TAKER;SUBMISSION;TOMATOES;XIRECS;4979.0;4
706000;BOT;SUBMISSION;EMERALDS;XIRECS;10000.0;5
708100;SUBMISSION;BOT;TOMATOES;XIRECS;4969.0;6
709000;SUBMISSION;BOT_TAKER;TOMATOES;XIRECS;4963.0;2
710300;BOT;SUBMISSION;EMERALDS;XIRECS;10000.0;10
712700;BOT;SUBMISSION;EMERALDS;XIRECS;10000.0;6
712900;BOT;SUBMISSION;EMERALDS;XIRECS;10000.0;5
713800;SUBMISSION;BOT;EMERALDS;XIRECS;10000.0;10
714600;BOT;SUBMISSION;EMERALDS;XIRECS;10000.0;6
715800;BOT_TAKER;SUBMISSION;EMERALDS;XIRECS;10007.0;4
717700;SUBMISSION;BOT_TAKER;TOMATOES;XIRECS;4960.0;5
718400;SUBMISSION;BOT_TAKER;EMERALDS;XIRECS;9993.0;8
718500;BOT_TAKER;SUBMISSION;TOMATOES;XIRECS;4970.0;3
719600;BOT;SUBMISSION;EMERALDS;XIRECS;10000.0;5
720000;BOT;SUBMISSION;EMERALDS;XIRECS;10000.0;5
720400;BOT;SUBMISSION;EMERALDS;XIRECS;10000.0;6
720400;BOT_MAKER;BOT_TAKER;TOMATOES;XIRECS;4955.0;5
720500;BOT;SUBMISSION;EMERALDS;XIRECS;10000.0;5
720900;BOT_TAKER;SUBMISSION;TOMATOES;XIRECS;4969.0;4
721500;BOT_TAKER;SUBMISSION;TOMATOES;XIRECS;4968.0;4
722100;BOT_TAKER;SUBMISSION;EMERALDS;XIRECS;10007.0;5
723700;BOT_TAKER;SUBMISSION;TOMATOES;XIRECS;4971.0;2
723800;BOT_TAKER;BOT_MAKER;TOMATOES;XIRECS;4971.0;2
725900;BOT_TAKER;SUBMISSION;EMERALDS;XIRECS;10007.0;7
726100;SUBMISSION;BOT_TAKER;EMERALDS;XIRECS;9993.0;6
727500;SUBMISSION;BOT;TOMATOES;XIRECS;4968.0;6
728800;SUBMISSION;BOT_TAKER;TOMATOES;XIRECS;4963.0;4
728900;BOT;SUBMISSION;EMERALDS;XIRECS;10000.0;7
731300;BOT_TAKER;SUBMISSION;TOMATOES;XIRECS;4976.0;4
731500;BOT;SUBMISSION;EMERALDS;XIRECS;10000.0;5
731800;BOT;SUBMISSION;EMERALDS;XIRECS;10000.0;7
734100;SUBMISSION;BOT_TAKER;EMERALDS;XIRECS;9993.0;8
734700;SUBMISSION;BOT_TAKER;TOMATOES;XIRECS;4965.0;2
735300;SUBMISSION;BOT_TAKER;EMERALDS;XIRECS;9993.0;3
735500;SUBMISSION;BOT_TAKER;TOMATOES;XIRECS;4963.0;4
735800;BOT_TAKER;SUBMISSION;EMERALDS;XIRECS;10007.0;4
736800;BOT_MAKER;BOT_TAKER;TOMATOES;XIRECS;4960.0;3
737500;BOT_MAKER;BOT_TAKER;TOMATOES;XIRECS;4961.0;4
738500;SUBMISSION;BOT;EMERALDS;XIRECS;10000.0;10
739300;SUBMISSION;BOT_TAKER;TOMATOES;XIRECS;4962.0;5
739400;BOT;SUBMISSION;EMERALDS;XIRECS;10000.0;7
739700;SUBMISSION;BOT_TAKER;EMERALDS;XIRECS;9993.0;6
741200;BOT_MAKER;BOT_TAKER;TOMATOES;XIRECS;4955.0;3
741500;BOT;SUBMISSION;EMERALDS;XIRECS;10000.0;6
745700;BOT_TAKER;SUBMISSION;TOMATOES;XIRECS;4965.0;5
745900;BOT_TAKER;SUBMISSION;TOMATOES;XIRECS;4966.0;3
749300;BOT_TAKER;SUBMISSION;TOMATOES;XIRECS;4963.0;4
750200;BOT;SUBMISSION;EMERALDS;XIRECS;10000.0;6
750300;BOT_TAKER;SUBMISSION;TOMATOES;XIRECS;4964.0;5
750700;SUBMISSION;BOT_TAKER;EMERALDS;XIRECS;9993.0;6
750900;SUBMISSION;BOT_TAKER;EMERALDS;XIRECS;9993.0;3
751000;SUBMISSION;BOT;TOMATOES;XIRECS;4960.0;6
752700;SUBMISSION;BOT_TAKER;TOMATOES;XIRECS;4950.0;2
754300;SUBMISSION;BOT_TAKER;EMERALDS;XIRECS;9993.0;4
754600;BOT;SUBMISSION;EMERALDS;XIRECS;10000.0;7
755000;SUBMISSION;BOT_TAKER;TOMATOES;XIRECS;4947.0;5
755600;BOT_TAKER;SUBMISSION;TOMATOES;XIRECS;4959.0;4
756300;BOT_TAKER;SUBMISSION;TOMATOES;XIRECS;4958.0;2
758400;SUBMISSION;BOT_TAKER;TOMATOES;XIRECS;4949.0;4
758600;SUBMISSION;BOT_TAKER;EMERALDS;XIRECS;9993.0;6
758700;SUBMISSION;BOT_TAKER;TOMATOES;XIRECS;4950.0;4
759300;BOT;SUBMISSION;EMERALDS;XIRECS;10000.0;6
759400;BOT;SUBMISSION;EMERALDS;XIRECS;10000.0;7
761500;SUBMISSION;BOT;EMERALDS;XIRECS;10000.0;6
761600;BOT;SUBMISSION;TOMATOES;XIRECS;4956.0;5
762800;SUBMISSION;BOT_TAKER;TOMATOES;XIRECS;4953.0;4
768400;BOT;SUBMISSION;EMERALDS;XIRECS;10000.0;8
769400;BOT_TAKER;SUBMISSION;TOMATOES;XIRECS;4960.0;3
770200;BOT_TAKER;SUBMISSION;TOMATOES;XIRECS;4958.0;4
772400;SUBMISSION;BOT;EMERALDS;XIRECS;10000.0;8
772700;SUBMISSION;BOT_TAKER;TOMATOES;XIRECS;4949.0;3
773300;BOT;SUBMISSION;TOMATOES;XIRECS;4957.0;9
773800;BOT;SUBMISSION;EMERALDS;XIRECS;10000.0;10
774200;SUBMISSION;BOT_TAKER;EMERALDS;XIRECS;9993.0;7
774500;BOT_TAKER;BOT_MAKER;TOMATOES;XIRECS;4959.0;4
774600;BOT_TAKER;SUBMISSION;EMERALDS;XIRECS;10007.0;7
775100;SUBMISSION;BOT;TOMATOES;XIRECS;4950.0;3
775400;BOT;SUBMISSION;EMERALDS;XIRECS;10000.0;10
775600;SUBMISSION;BOT_TAKER;TOMATOES;XIRECS;4943.0;2
777200;BOT_TAKER;SUBMISSION;TOMATOES;XIRECS;4953.0;3
777300;BOT;SUBMISSION;EMERALDS;XIRECS;10000.0;6
778700;BOT_TAKER;BOT_MAKER;TOMATOES;XIRECS;4952.0;5
779000;SUBMISSION;BOT;EMERALDS;XIRECS;10000.0;6
779500;SUBMISSION;BOT;TOMATOES;XIRECS;4943.0;8
780200;SUBMISSION;BOT;EMERALDS;XIRECS;10000.0;8
781500;BOT;SUBMISSION;TOMATOES;XIRECS;4942.0;2
782100;BOT;SUBMISSION;EMERALDS;XIRECS;10000.0;8
782700;BOT_TAKER;SUBMISSION;TOMATOES;XIRECS;4948.0;5
785800;BOT_TAKER;SUBMISSION;TOMATOES;XIRECS;4955.0;4
786000;SUBMISSION;BOT;TOMATOES;XIRECS;4948.0;2
786400;SUBMISSION;BOT_TAKER;EMERALDS;XIRECS;9993.0;5
787100;SUBMISSION;BOT_TAKER;EMERALDS;XIRECS;9993.0;4
787200;BOT_TAKER;SUBMISSION;EMERALDS;XIRECS;10007.0;7
787800;SUBMISSION;BOT_TAKER;TOMATOES;XIRECS;4942.0;2
788400;SUBMISSION;BOT_TAKER;EMERALDS;XIRECS;9993.0;6
788900;SUBMISSION;BOT_TAKER;EMERALDS;XIRECS;9993.0;6
789900;SUBMISSION;BOT;TOMATOES;XIRECS;4948.0;5
790600;SUBMISSION;BOT_TAKER;TOMATOES;XIRECS;4942.0;2
791500;BOT_TAKER;SUBMISSION;EMERALDS;XIRECS;10007.0;3
791800;BOT_MAKER;BOT_TAKER;TOMATOES;XIRECS;4941.0;2
795100;BOT_TAKER;SUBMISSION;TOMATOES;XIRECS;4953.0;2
795300;BOT_TAKER;BOT_MAKER;TOMATOES;XIRECS;4947.0;3
795600;SUBMISSION;BOT;EMERALDS;XIRECS;10000.0;10
796800;BOT_TAKER;SUBMISSION;TOMATOES;XIRECS;4956.0;3
798500;BOT_TAKER;SUBMISSION;TOMATOES;XIRECS;4956.0;4
799500;BOT_TAKER;SUBMISSION;EMERALDS;XIRECS;10007.0;5
800300;SUBMISSION;BOT_TAKER;TOMATOES;XIRECS;4941.0;3
801600;BOT_TAKER;SUBMISSION;EMERALDS;XIRECS;10007.0;5
802700;BOT_TAKER;SUBMISSION;TOMATOES;XIRECS;4952.0;4
802900;BOT;SUBMISSION;EMERALDS;XIRECS;10000.0;9
803500;SUBMISSION;BOT;TOMATOES;XIRECS;4947.0;6
803700;SUBMISSION;BOT_TAKER;TOMATOES;XIRECS;4943.0;2
804600;SUBMISSION;BOT;EMERALDS;XIRECS;10000.0;7
805800;BOT_MAKER;BOT_TAKER;TOMATOES;XIRECS;4946.0;4
806300;BOT_TAKER;SUBMISSION;EMERALDS;XIRECS;10007.0;5
809300;BOT_TAKER;SUBMISSION;TOMATOES;XIRECS;4960.0;5
812100;SUBMISSION;BOT;EMERALDS;XIRECS;10000.0;9
813100;SUBMISSION;BOT_TAKER;TOMATOES;XIRECS;4946.0;5
813700;SUBMISSION;BOT_TAKER;TOMATOES;XIRECS;4944.0;3
816400;SUBMISSION;BOT_TAKER;TOMATOES;XIRECS;4941.0;4
816600;BOT;SUBMISSION;EMERALDS;XIRECS;10000.0;8
816800;BOT;SUBMISSION;TOMATOES;XIRECS;4946.0;6
818800;BOT_TAKER;SUBMISSION;TOMATOES;XIRECS;4952.0;2
818900;BOT_TAKER;SUBMISSION;TOMATOES;XIRECS;4952.0;3
819400;BOT;SUBMISSION;EMERALDS;XIRECS;10000.0;6
819500;BOT;SUBMISSION;EMERALDS;XIRECS;10000.0;6
821700;SUBMISSION;BOT;TOMATOES;XIRECS;4946.0;9
822200;BOT;SUBMISSION;EMERALDS;XIRECS;10000.0;8
822300;BOT;SUBMISSION;TOMATOES;XIRECS;4947.0;2
822300;BOT_TAKER;SUBMISSION;EMERALDS;XIRECS;10007.0;6
825600;BOT_TAKER;SUBMISSION;TOMATOES;XIRECS;4952.0;2
825700;SUBMISSION;BOT;EMERALDS;XIRECS;10000.0;9
827000;BOT_TAKER;SUBMISSION;TOMATOES;XIRECS;4950.0;4
828700;SUBMISSION;BOT_TAKER;EMERALDS;XIRECS;9993.0;4
829100;SUBMISSION;BOT;TOMATOES;XIRECS;4945.0;3
829600;SUBMISSION;BOT_TAKER;TOMATOES;XIRECS;4938.0;4
832100;SUBMISSION;BOT;EMERALDS;XIRECS;10000.0;9
832800;BOT;SUBMISSION;TOMATOES;XIRECS;4944.0;10
834200;BOT;SUBMISSION;EMERALDS;XIRECS;10000.0;7
834500;BOT;SUBMISSION;EMERALDS;XIRECS;10000.0;8
836200;SUBMISSION;BOT_TAKER;TOMATOES;XIRECS;4941.0;5
836400;BOT;SUBMISSION;EMERALDS;XIRECS;10000.0;8
836400;SUBMISSION;BOT_TAKER;EMERALDS;XIRECS;9999.0;4
836500;BOT;SUBMISSION;EMERALDS;XIRECS;10000.0;10
838700;SUBMISSION;BOT_TAKER;TOMATOES;XIRECS;4944.0;2
840700;SUBMISSION;BOT;EMERALDS;XIRECS;10000.0;8
842100;BOT;SUBMISSION;EMERALDS;XIRECS;10000.0;5
842200;BOT;SUBMISSION;EMERALDS;XIRECS;10000.0;7
844500;BOT;SUBMISSION;EMERALDS;XIRECS;10000.0;5
845000;SUBMISSION;BOT_TAKER;TOMATOES;XIRECS;4949.0;3
845100;BOT;SUBMISSION;TOMATOES;XIRECS;4955.0;6
845700;BOT_TAKER;SUBMISSION;TOMATOES;XIRECS;4959.0;5
845900;SUBMISSION;BOT;TOMATOES;XIRECS;4954.0;8
846900;BOT;SUBMISSION;TOMATOES;XIRECS;4955.0;9
847100;BOT;SUBMISSION;EMERALDS;XIRECS;10000.0;5
851400;SUBMISSION;BOT_TAKER;TOMATOES;XIRECS;4953.0;2
851600;BOT_TAKER;SUBMISSION;EMERALDS;XIRECS;10007.0;1
851600;BOT_TAKER;BOT_MAKER;EMERALDS;XIRECS;10008.0;5
853400;SUBMISSION;BOT;TOMATOES;XIRECS;4960.0;7
855100;SUBMISSION;BOT_TAKER;TOMATOES;XIRECS;4959.0;3
858100;BOT_TAKER;SUBMISSION;TOMATOES;XIRECS;4973.0;2
858200;SUBMISSION;BOT_TAKER;EMERALDS;XIRECS;10000.0;8
859600;SUBMISSION;BOT_TAKER;EMERALDS;XIRECS;10000.0;5
860000;SUBMISSION;BOT_TAKER;TOMATOES;XIRECS;4960.0;3
860400;SUBMISSION;BOT;EMERALDS;XIRECS;10000.0;5
860600;BOT_TAKER;SUBMISSION;TOMATOES;XIRECS;4973.0;5
860700;BOT;SUBMISSION;EMERALDS;XIRECS;10000.0;7
861700;BOT_TAKER;SUBMISSION;EMERALDS;XIRECS;10007.0;3
862600;BOT_TAKER;SUBMISSION;EMERALDS;XIRECS;10007.0;4
862800;SUBMISSION;BOT_TAKER;TOMATOES;XIRECS;4961.0;3
863000;BOT_TAKER;SUBMISSION;EMERALDS;XIRECS;10007.0;4
863000;BOT_TAKER;BOT_MAKER;EMERALDS;XIRECS;10008.0;2
864900;SUBMISSION;BOT_TAKER;TOMATOES;XIRECS;4956.0;3
867700;SUBMISSION;BOT_TAKER;EMERALDS;XIRECS;10000.0;5
868500;BOT_TAKER;SUBMISSION;EMERALDS;XIRECS;10007.0;5
868500;BOT_TAKER;BOT_MAKER;EMERALDS;XIRECS;10008.0;3
869800;BOT_MAKER;BOT_TAKER;TOMATOES;XIRECS;4952.0;5
870200;BOT_TAKER;BOT_MAKER;EMERALDS;XIRECS;10008.0;8
872600;BOT_TAKER;SUBMISSION;TOMATOES;XIRECS;4964.0;2
873600;BOT_MAKER;BOT_TAKER;TOMATOES;XIRECS;4951.0;2
873800;BOT;SUBMISSION;TOMATOES;XIRECS;4958.0;9
874500;BOT_TAKER;SUBMISSION;TOMATOES;XIRECS;4966.0;3
875700;BOT_TAKER;BOT_MAKER;TOMATOES;XIRECS;4969.0;4
876900;SUBMISSION;BOT_TAKER;EMERALDS;XIRECS;10000.0;8
877000;SUBMISSION;BOT_TAKER;TOMATOES;XIRECS;4956.0;5
877300;SUBMISSION;BOT_TAKER;EMERALDS;XIRECS;10000.0;3
877500;SUBMISSION;BOT_TAKER;EMERALDS;XIRECS;9993.0;7
879100;BOT;SUBMISSION;EMERALDS;XIRECS;10000.0;7
879400;SUBMISSION;BOT;EMERALDS;XIRECS;10000.0;7
880000;SUBMISSION;BOT;EMERALDS;XIRECS;10000.0;8
880200;SUBMISSION;BOT;EMERALDS;XIRECS;10000.0;8
881100;SUBMISSION;BOT_TAKER;TOMATOES;XIRECS;4959.0;2
881400;BOT_TAKER;SUBMISSION;EMERALDS;XIRECS;10007.0;6
881600;SUBMISSION;BOT_TAKER;TOMATOES;XIRECS;4958.0;2
883700;BOT_TAKER;SUBMISSION;TOMATOES;XIRECS;4971.0;3
884100;BOT;SUBMISSION;EMERALDS;XIRECS;10000.0;6
885700;SUBMISSION;BOT_TAKER;TOMATOES;XIRECS;4962.0;3
886100;BOT_TAKER;SUBMISSION;EMERALDS;XIRECS;10007.0;8
886200;SUBMISSION;BOT;EMERALDS;XIRECS;10000.0;9
887100;SUBMISSION;BOT_TAKER;TOMATOES;XIRECS;4961.0;5
887300;SUBMISSION;BOT_TAKER;EMERALDS;XIRECS;9993.0;7
887400;BOT;SUBMISSION;TOMATOES;XIRECS;4966.0;2
888100;BOT;SUBMISSION;EMERALDS;XIRECS;10000.0;10
888800;SUBMISSION;BOT;EMERALDS;XIRECS;10000.0;9
889000;BOT;SUBMISSION;TOMATOES;XIRECS;4967.0;8
889200;SUBMISSION;BOT_TAKER;EMERALDS;XIRECS;9993.0;5
891500;BOT_TAKER;SUBMISSION;TOMATOES;XIRECS;4980.0;5
892100;BOT_TAKER;BOT_MAKER;TOMATOES;XIRECS;4981.0;3
892700;BOT;SUBMISSION;EMERALDS;XIRECS;10000.0;5
894100;SUBMISSION;BOT_TAKER;TOMATOES;XIRECS;4969.0;5
895000;SUBMISSION;BOT;EMERALDS;XIRECS;10000.0;9
895000;SUBMISSION;BOT_TAKER;EMERALDS;XIRECS;9993.0;3
895400;BOT_TAKER;SUBMISSION;TOMATOES;XIRECS;4983.0;4
896300;SUBMISSION;BOT;TOMATOES;XIRECS;4980.0;3
896800;SUBMISSION;BOT;EMERALDS;XIRECS;10000.0;10
898800;SUBMISSION;BOT;EMERALDS;XIRECS;10000.0;8
899600;BOT;SUBMISSION;EMERALDS;XIRECS;10000.0;8
901000;SUBMISSION;BOT_TAKER;TOMATOES;XIRECS;4975.0;5
902100;BOT;SUBMISSION;EMERALDS;XIRECS;10000.0;9
904800;SUBMISSION;BOT_TAKER;EMERALDS;XIRECS;9993.0;5
904900;SUBMISSION;BOT;EMERALDS;XIRECS;10000.0;5
905000;BOT;SUBMISSION;TOMATOES;XIRECS;4984.0;7
905400;SUBMISSION;BOT_TAKER;TOMATOES;XIRECS;4976.0;2
906400;SUBMISSION;BOT_TAKER;EMERALDS;XIRECS;9993.0;7
907600;SUBMISSION;BOT_TAKER;TOMATOES;XIRECS;4979.0;3
908400;SUBMISSION;BOT;EMERALDS;XIRECS;10000.0;9
909300;BOT;SUBMISSION;EMERALDS;XIRECS;10000.0;9
910800;BOT;SUBMISSION;EMERALDS;XIRECS;10000.0;6
911100;SUBMISSION;BOT_TAKER;EMERALDS;XIRECS;9993.0;5
913500;SUBMISSION;BOT;EMERALDS;XIRECS;10000.0;7
913700;SUBMISSION;BOT_TAKER;EMERALDS;XIRECS;9993.0;3
916200;BOT_TAKER;SUBMISSION;TOMATOES;XIRECS;4980.0;2
917900;SUBMISSION;BOT_TAKER;TOMATOES;XIRECS;4971.0;2
918500;BOT;SUBMISSION;TOMATOES;XIRECS;4980.0;5
918700;SUBMISSION;BOT_TAKER;EMERALDS;XIRECS;9993.0;8
918800;BOT_TAKER;BOT_MAKER;TOMATOES;XIRECS;4986.0;5
919100;BOT;SUBMISSION;EMERALDS;XIRECS;10000.0;10
921500;SUBMISSION;BOT;TOMATOES;XIRECS;4977.0;3
922900;SUBMISSION;BOT_TAKER;EMERALDS;XIRECS;9993.0;6
923600;BOT_TAKER;SUBMISSION;EMERALDS;XIRECS;10007.0;6
923800;BOT_TAKER;SUBMISSION;TOMATOES;XIRECS;4981.0;4
924100;BOT_TAKER;SUBMISSION;EMERALDS;XIRECS;10007.0;6
924600;SUBMISSION;BOT;TOMATOES;XIRECS;4975.0;5
927100;SUBMISSION;BOT_TAKER;TOMATOES;XIRECS;4969.0;2
928200;SUBMISSION;BOT_TAKER;TOMATOES;XIRECS;4965.0;3
928500;BOT;SUBMISSION;EMERALDS;XIRECS;10000.0;9
928800;SUBMISSION;BOT_TAKER;EMERALDS;XIRECS;9993.0;3
930900;BOT;SUBMISSION;EMERALDS;XIRECS;10000.0;10
933000;SUBMISSION;BOT;EMERALDS;XIRECS;10000.0;8
933400;BOT;SUBMISSION;TOMATOES;XIRECS;4973.0;7
933400;BOT_TAKER;SUBMISSION;TOMATOES;XIRECS;4977.0;4
934500;BOT_TAKER;BOT_MAKER;TOMATOES;XIRECS;4981.0;2
935800;SUBMISSION;BOT_TAKER;TOMATOES;XIRECS;4968.0;3
936300;SUBMISSION;BOT_TAKER;EMERALDS;XIRECS;9993.0;8
936300;SUBMISSION;BOT_TAKER;TOMATOES;XIRECS;4967.0;5
936600;BOT_TAKER;SUBMISSION;EMERALDS;XIRECS;10007.0;3
936900;BOT_TAKER;SUBMISSION;TOMATOES;XIRECS;4978.0;5
937700;SUBMISSION;BOT;EMERALDS;XIRECS;10000.0;8
937800;SUBMISSION;BOT;EMERALDS;XIRECS;10000.0;8
939200;BOT_TAKER;BOT_MAKER;TOMATOES;XIRECS;4979.0;4
939500;SUBMISSION;BOT;EMERALDS;XIRECS;10000.0;10
940200;BOT_TAKER;BOT_MAKER;TOMATOES;XIRECS;4981.0;2
940600;BOT_TAKER;BOT_MAKER;TOMATOES;XIRECS;4982.0;4
941600;BOT_TAKER;BOT_MAKER;TOMATOES;XIRECS;4984.0;4
941800;SUBMISSION;BOT_TAKER;EMERALDS;XIRECS;9993.0;3
941900;SUBMISSION;BOT_TAKER;EMERALDS;XIRECS;9993.0;6
942200;BOT_TAKER;SUBMISSION;EMERALDS;XIRECS;10007.0;8
943200;BOT_TAKER;SUBMISSION;EMERALDS;XIRECS;10007.0;8
943600;SUBMISSION;BOT_TAKER;TOMATOES;XIRECS;4976.0;3
945500;BOT_TAKER;SUBMISSION;EMERALDS;XIRECS;10007.0;7
947900;BOT_TAKER;SUBMISSION;EMERALDS;XIRECS;10007.0;8
947900;BOT_TAKER;BOT_MAKER;TOMATOES;XIRECS;4984.0;5
948400;BOT_TAKER;SUBMISSION;TOMATOES;XIRECS;4992.0;4
949100;SUBMISSION;BOT_TAKER;TOMATOES;XIRECS;4982.0;2
950600;SUBMISSION;BOT;EMERALDS;XIRECS;10000.0;10
952400;SUBMISSION;BOT;TOMATOES;XIRECS;4985.0;8
952600;SUBMISSION;BOT;EMERALDS;XIRECS;10000.0;9
953700;BOT_MAKER;BOT_TAKER;TOMATOES;XIRECS;4979.0;3
954300;BOT_TAKER;SUBMISSION;TOMATOES;XIRECS;4994.0;2
954400;BOT;SUBMISSION;EMERALDS;XIRECS;10000.0;9
955600;SUBMISSION;BOT_TAKER;TOMATOES;XIRECS;4983.0;2
955700;BOT;SUBMISSION;TOMATOES;XIRECS;4989.0;11
956500;SUBMISSION;BOT;TOMATOES;XIRECS;4988.0;2
956600;BOT;SUBMISSION;EMERALDS;XIRECS;10000.0;6
959000;SUBMISSION;BOT;EMERALDS;XIRECS;10000.0;5
959400;SUBMISSION;BOT_TAKER;TOMATOES;XIRECS;4983.0;5
960200;SUBMISSION;BOT;EMERALDS;XIRECS;10000.0;8
960800;SUBMISSION;BOT_TAKER;TOMATOES;XIRECS;4983.0;4
961700;SUBMISSION;BOT_TAKER;TOMATOES;XIRECS;4981.0;3
962200;BOT;SUBMISSION;EMERALDS;XIRECS;10000.0;8
962300;BOT;SUBMISSION;TOMATOES;XIRECS;4985.0;4
962600;SUBMISSION;BOT;EMERALDS;XIRECS;10000.0;10
962600;BOT_TAKER;SUBMISSION;TOMATOES;XIRECS;4991.0;2
963400;BOT;SUBMISSION;EMERALDS;XIRECS;10000.0;8
965900;BOT_TAKER;SUBMISSION;TOMATOES;XIRECS;4993.0;2
966400;SUBMISSION;BOT_TAKER;TOMATOES;XIRECS;4983.0;2
968500;BOT;SUBMISSION;EMERALDS;XIRECS;10000.0;10
968600;SUBMISSION;BOT_TAKER;TOMATOES;XIRECS;4981.0;5
969300;BOT;SUBMISSION;TOMATOES;XIRECS;4988.0;5
969900;SUBMISSION;BOT;EMERALDS;XIRECS;10000.0;7
971000;BOT_TAKER;SUBMISSION;TOMATOES;XIRECS;4990.0;3
972100;BOT_TAKER;SUBMISSION;TOMATOES;XIRECS;4993.0;5
972400;SUBMISSION;BOT_TAKER;EMERALDS;XIRECS;9993.0;4
973500;BOT_TAKER;SUBMISSION;EMERALDS;XIRECS;10007.0;5
974100;BOT_TAKER;SUBMISSION;EMERALDS;XIRECS;10007.0;8
975100;SUBMISSION;BOT;TOMATOES;XIRECS;4990.0;9
975400;SUBMISSION;BOT;EMERALDS;XIRECS;10000.0;5
975500;BOT_TAKER;SUBMISSION;EMERALDS;XIRECS;10007.0;4
980700;SUBMISSION;BOT;EMERALDS;XIRECS;10000.0;8
981000;SUBMISSION;BOT_TAKER;EMERALDS;XIRECS;9993.0;7
981400;BOT_TAKER;SUBMISSION;EMERALDS;XIRECS;10007.0;3
981400;SUBMISSION;BOT_TAKER;TOMATOES;XIRECS;4991.0;5
981700;SUBMISSION;BOT_TAKER;EMERALDS;XIRECS;9993.0;8
985300;BOT;SUBMISSION;TOMATOES;XIRECS;4995.0;6
985300;BOT_TAKER;SUBMISSION;TOMATOES;XIRECS;5001.0;5
985500;BOT_TAKER;BOT_MAKER;TOMATOES;XIRECS;5002.0;4
985600;BOT_MAKER;BOT_TAKER;TOMATOES;XIRECS;4993.0;2
985700;BOT_TAKER;SUBMISSION;EMERALDS;XIRECS;10007.0;6
987000;BOT_TAKER;SUBMISSION;EMERALDS;XIRECS;10007.0;6
989800;BOT_TAKER;SUBMISSION;TOMATOES;XIRECS;5001.0;4
991200;SUBMISSION;BOT;TOMATOES;XIRECS;4996.0;9
992100;BOT;SUBMISSION;EMERALDS;XIRECS;10000.0;8
992500;SUBMISSION;BOT;EMERALDS;XIRECS;10000.0;7
993700;BOT_MAKER;BOT_TAKER;TOMATOES;XIRECS;4991.0;5
994300;SUBMISSION;BOT;EMERALDS;XIRECS;10000.0;10
994900;BOT;SUBMISSION;EMERALDS;XIRECS;10000.0;9
995300;BOT;SUBMISSION;EMERALDS;XIRECS;10000.0;10
995400;BOT_TAKER;SUBMISSION;EMERALDS;XIRECS;10007.0;5
995500;BOT_TAKER;SUBMISSION;TOMATOES;XIRECS;5005.0;4
997500;BOT;SUBMISSION;EMERALDS;XIRECS;10000.0;7
998400;BOT;SUBMISSION;EMERALDS;XIRECS;10000.0;10
999100;SUBMISSION;BOT_TAKER;EMERALDS;XIRECS;9993.0;5
999300;BOT_TAKER;SUBMISSION;TOMATOES;XIRECS;5001.0;4
999800;SUBMISSION;BOT;EMERALDS;XIRECS;10000.0;6
