timestamp;buyer;seller;symbol;currency;price;quantity
600;SUBMISSION;BOT_TAKER;EMERALDS;XIRECS;9993.0;5
900;SUBMISSION;BOT_TAKER;TOMATOES;XIRECS;5000.0;4
2100;SUBMISSION;BOT;EMERALDS;XIRECS;10000.0;7
4400;BOT;SUBMISSION;TOMATOES;XIRECS;5010.0;11
6200;BOT_TAKER;SUBMISSION;TOMATOES;XIRECS;5016.0;4
6300;SUBMISSION;BOT;TOMATOES;XIRECS;5011.0;4
6400;SUBMISSION;BOT;TOMATOES;XIRECS;5009.0;10
7400;SUBMISSION;BOT;EMERALDS;XIRECS;10000.0;9
7800;SUBMISSION;BOT;EMERALDS;XIRECS;10000.0;6
9900;SUBMISSION;BOT_TAKER;EMERALDS;XIRECS;9993.0;7
10500;SUBMISSION;BOT_TAKER;TOMATOES;XIRECS;5006.0;4
10700;BOT;SUBMISSION;TOMATOES;XIRECS;5010.0;2
11000;SUBMISSION;BOT_TAKER;EMERALDS;XIRECS;9993.0;5
12000;SUBMISSION;BOT_TAKER;TOMATOES;XIRECS;5004.0;3
12500;BOT_MAKER;BOT_TAKER;TOMATOES;XIRECS;5004.0;5
12600;BOT_TAKER;SUBMISSION;TOMATOES;XIRECS;5016.0;3
14300;BOT;SUBMISSION;TOMATOES;XIRECS;5007.0;8
14700;SUBMISSION;BOT;TOMATOES;XIRECS;5005.0;6
15000;BOT;SUBMISSION;EMERALDS;XIRECS;10000.0;10
15600;BOT;SUBMISSION;EMERALDS;XIRECS;10000.0;5
19000;SUBMISSION;BOT;EMERALDS;XIRECS;10000.0;7
21600;BOT_TAKER;SUBMISSION;EMERALDS;XIRECS;10007.0;8
21700;BOT;SUBMISSION;EMERALDS;XIRECS;10000.0;8
23700;BOT_TAKER;SUBMISSION;TOMATOES;XIRECS;4996.0;3
26500;SUBMISSION;BOT;TOMATOES;XIRECS;4982.0;5
26700;SUBMISSION;BOT_TAKER;EMERALDS;XIRECS;9993.0;5
27300;BOT_TAKER;SUBMISSION;TOMATOES;XIRECS;4988.0;3
28700;BOT_TAKER;SUBMISSION;EMERALDS;XIRECS;10007.0;3
29500;SUBMISSION;BOT_TAKER;TOMATOES;XIRECS;4977.0;5
29700;BOT_TAKER;SUBMISSION;EMERALDS;XIRECS;10007.0;8
30500;BOT_TAKER;SUBMISSION;TOMATOES;XIRECS;4987.0;3
31700;BOT_TAKER;SUBMISSION;TOMATOES;XIRECS;4984.0;2
34600;BOT_TAKER;SUBMISSION;TOMATOES;XIRECS;4984.0;2
36000;SUBMISSION;BOT;TOMATOES;XIRECS;4976.0;3
36900;BOT_TAKER;SUBMISSION;TOMATOES;XIRECS;4982.0;5
39000;BOT_TAKER;SUBMISSION;TOMATOES;XIRECS;4979.0;5
40000;SUBMISSION;BOT;EMERALDS;XIRECS;10000.0;8
40600;SUBMISSION;BOT;TOMATOES;XIRECS;4973.0;10
41100;SUBMISSION;BOT_TAKER;TOMATOES;XIRECS;4968.0;5
41900;SUBMISSION;BOT;EMERALDS;XIRECS;10000.0;7
42000;SUBMISSION;BOT;EMERALDS;XIRECS;10000.0;8
42900;BOT_MAKER;BOT_TAKER;TOMATOES;XIRECS;4967.0;4
43200;SUBMISSION;BOT;EMERALDS;XIRECS;10000.0;9
43400;BOT;SUBMISSION;EMERALDS;XIRECS;10000.0;6
44100;BOT;SUBMISSION;EMERALDS;XIRECS;10000.0;9
46200;BOT;SUBMISSION;EMERALDS;XIRECS;10000.0;5
46500;BOT_TAKER;SUBMISSION;EMERALDS;XIRECS;10007.0;8
47700;BOT_MAKER;BOT_TAKER;TOMATOES;XIRECS;4967.0;5
48800;BOT;SUBMISSION;TOMATOES;XIRECS;4971.0;2
49400;BOT;SUBMISSION;TOMATOES;XIRECS;4973.0;8
49500;SUBMISSION;BOT;EMERALDS;XIRECS;10000.0;7
49500;BOT_TAKER;BOT_MAKER;TOMATOES;XIRECS;4978.0;3
53000;SUBMISSION;BOT;EMERALDS;XIRECS;10000.0;8
54200;BOT_TAKER;SUBMISSION;TOMATOES;XIRECS;4978.0;4
56800;BOT;SUBMISSION;EMERALDS;XIRECS;10000.0;10
58900;SUBMISSION;BOT;EMERALDS;XIRECS;10000.0;5
59100;SUBMISSION;BOT;TOMATOES;XIRECS;4972.0;2
60200;BOT_TAKER;SUBMISSION;EMERALDS;XIRECS;10007.0;3
60400;BOT;SUBMISSION;EMERALDS;XIRECS;10000.0;10
62200;SUBMISSION;BOT;TOMATOES;XIRECS;4975.0;3
63100;BOT;SUBMISSION;EMERALDS;XIRECS;10000.0;9
63500;BOT_TAKER;SUBMISSION;TOMATOES;XIRECS;4982.0;2
63900;SUBMISSION;BOT_TAKER;TOMATOES;XIRECS;4970.0;3
64100;SUBMISSION;BOT;EMERALDS;XIRECS;10000.0;8
67800;SUBMISSION;BOT_TAKER;TOMATOES;XIRECS;4970.0;2
68300;SUBMISSION;BOT_TAKER;TOMATOES;XIRECS;4970.0;5
68900;BOT_TAKER;SUBMISSION;EMERALDS;XIRECS;10007.0;5
69000;BOT;SUBMISSION;TOMATOES;XIRECS;4978.0;11
70000;BOT;SUBMISSION;EMERALDS;XIRECS;10000.0;6
71800;BOT;SUBMISSION;EMERALDS;XIRECS;10000.0;5
74100;SUBMISSION;BOT_TAKER;TOMATOES;XIRECS;4971.0;4
74400;BOT_TAKER;SUBMISSION;TOMATOES;XIRECS;4982.0;5
75800;BOT_TAKER;SUBMISSION;EMERALDS;XIRECS;10007.0;3
77900;SUBMISSION;BOT;TOMATOES;XIRECS;4975.0;3
79600;SUBMISSION;BOT;EMERALDS;XIRECS;10000.0;9
80700;BOT_TAKER;SUBMISSION;TOMATOES;XIRECS;4982.0;5
82000;SUBMISSION;BOT;TOMATOES;XIRECS;4975.0;11
83100;SUBMISSION;BOT;EMERALDS;XIRECS;10000.0;7
83300;BOT_MAKER;BOT_TAKER;TOMATOES;XIRECS;4969.0;4
83700;SUBMISSION;BOT_TAKER;EMERALDS;XIRECS;9993.0;6
84100;SUBMISSION;BOT;EMERALDS;XIRECS;10000.0;6
84800;SUBMISSION;BOT_TAKER;TOMATOES;XIRECS;4971.0;2
84900;BOT_TAKER;SUBMISSION;EMERALDS;XIRECS;10007.0;5
85200;SUBMISSION;BOT_TAKER;EMERALDS;XIRECS;9993.0;7
85600;SUBMISSION;BOT;EMERALDS;XIRECS;10000.0;8
85800;SUBMISSION;BOT;EMERALDS;XIRECS;10000.0;7
85900;BOT_TAKER;SUBMISSION;TOMATOES;XIRECS;4980.0;2
88600;BOT_TAKER;SUBMISSION;TOMATOES;XIRECS;4981.0;2
89300;SUBMISSION;BOT_TAKER;EMERALDS;XIRECS;9993.0;6
90000;SUBMISSION;BOT_TAKER;TOMATOES;XIRECS;4969.0;3
90100;BOT;SUBMISSION;TOMATOES;XIRECS;4974.0;5
90200;BOT;SUBMISSION;EMERALDS;XIRECS;10000.0;10
91900;SUBMISSION;BOT;EMERALDS;XIRECS;10000.0;10
92600;SUBMISSION;BOT_TAKER;TOMATOES;XIRECS;4969.0;4
94200;BOT;SUBMISSION;EMERALDS;XIRECS;10000.0;5
94400;BOT;SUBMISSION;TOMATOES;XIRECS;4976.0;3
96200;SUBMISSION;BOT_TAKER;TOMATOES;XIRECS;4973.0;5
96900;BOT_TAKER;SUBMISSION;TOMATOES;XIRECS;4983.0;5
98400;BOT;SUBMISSION;EMERALDS;XIRECS;10000.0;6
99800;BOT_TAKER;SUBMISSION;EMERALDS;XIRECS;10007.0;7
100000;SUBMISSION;BOT;EMERALDS;XIRECS;10000.0;8
100200;SUBMISSION;BOT_TAKER;TOMATOES;XIRECS;4971.0;3
100400;BOT;SUBMISSION;EMERALDS;XIRECS;10000.0;5
101300;BOT;SUBMISSION;EMERALDS;XIRECS;10000.0;5
101700;BOT_TAKER;SUBMISSION;TOMATOES;XIRECS;4980.0;2
105200;SUBMISSION;BOT_TAKER;TOMATOES;XIRECS;4965.0;2
105600;SUBMISSION;BOT;EMERALDS;XIRECS;10000.0;8
105900;SUBMISSION;BOT_TAKER;TOMATOES;XIRECS;4967.0;5
106000;BOT_TAKER;SUBMISSION;EMERALDS;XIRECS;10007.0;4
106400;BOT_TAKER;SUBMISSION;TOMATOES;XIRECS;4978.0;3
106600;SUBMISSION;BOT;EMERALDS;XIRECS;10000.0;6
107100;BOT;SUBMISSION;TOMATOES;XIRECS;4973.0;9
107900;BOT_TAKER;SUBMISSION;EMERALDS;XIRECS;10007.0;8
108100;SUBMISSION;BOT;EMERALDS;XIRECS;10000.0;5
109700;BOT;SUBMISSION;EMERALDS;XIRECS;10000.0;8
111000;SUBMISSION;BOT;TOMATOES;XIRECS;4969.0;5
111600;SUBMISSION;BOT;EMERALDS;XIRECS;10000.0;6
113800;BOT;SUBMISSION;EMERALDS;XIRECS;10000.0;8
115300;SUBMISSION;BOT_TAKER;EMERALDS;XIRECS;9993.0;6
116200;SUBMISSION;BOT_TAKER;TOMATOES;XIRECS;4962.0;3
117500;SUBMISSION;BOT;EMERALDS;XIRECS;10000.0;6
117600;BOT;SUBMISSION;TOMATOES;XIRECS;4968.0;5
117600;BOT_TAKER;SUBMISSION;TOMATOES;XIRECS;4974.0;3
118200;SUBMISSION;BOT;TOMATOES;XIRECS;4968.0;5
118700;SUBMISSION;BOT_TAKER;EMERALDS;XIRECS;9993.0;4
119500;BOT_TAKER;SUBMISSION;TOMATOES;XIRECS;4976.0;2
120600;SUBMISSION;BOT_TAKER;TOMATOES;XIRECS;4965.0;3
120800;BOT_TAKER;SUBMISSION;TOMATOES;XIRECS;4976.0;3
121300;SUBMISSION;BOT;EMERALDS;XIRECS;10000.0;9
127100;BOT;SUBMISSION;EMERALDS;XIRECS;10000.0;8
129700;BOT_TAKER;SUBMISSION;EMERALDS;XIRECS;10007.0;8
131300;SUBMISSION;BOT_TAKER;EMERALDS;XIRECS;9993.0;4
133200;BOT;SUBMISSION;EMERALDS;XIRECS;10000.0;5
133200;SUBMISSION;BOT_TAKER;TOMATOES;XIRECS;4958.0;5
133600;BOT;SUBMISSION;TOMATOES;XIRECS;4962.0;3
134600;BOT_TAKER;SUBMISSION;EMERALDS;XIRECS;10007.0;6
136000;SUBMISSION;BOT_TAKER;TOMATOES;XIRECS;4959.0;3
138300;SUBMISSION;BOT;EMERALDS;XIRECS;10000.0;7
138500;SUBMISSION;BOT_TAKER;TOMATOES;XIRECS;4960.0;4
138700;BOT_MAKER;BOT_TAKER;TOMATOES;XIRECS;4960.0;2
139800;BOT;SUBMISSION;TOMATOES;XIRECS;4967.0;3
140200;BOT;SUBMISSION;TOMATOES;XIRECS;4967.0;4
141400;SUBMISSION;BOT;EMERALDS;XIRECS;10000.0;8
142000;SUBMISSION;BOT_TAKER;TOMATOES;XIRECS;4963.0;2
142300;SUBMISSION;BOT;EMERALDS;XIRECS;10000.0;7
143200;BOT;SUBMISSION;EMERALDS;XIRECS;10000.0;6
144200;SUBMISSION;BOT_TAKER;TOMATOES;XIRECS;4963.0;3
144600;BOT_MAKER;BOT_TAKER;TOMATOES;XIRECS;4962.0;5
146800;BOT_MAKER;BOT_TAKER;TOMATOES;XIRECS;4963.0;4
147100;BOT_MAKER;BOT_TAKER;TOMATOES;XIRECS;4963.0;3
151000;SUBMISSION;BOT_TAKER;EMERALDS;XIRECS;9993.0;6
151700;BOT;SUBMISSION;TOMATOES;XIRECS;4970.0;6
152200;SUBMISSION;BOT_TAKER;TOMATOES;XIRECS;4964.0;3
153100;BOT_MAKER;BOT_TAKER;TOMATOES;XIRECS;4965.0;4
153200;BOT_TAKER;SUBMISSION;TOMATOES;XIRECS;4976.0;5
154100;SUBMISSION;BOT_TAKER;TOMATOES;XIRECS;4970.0;5
154300;BOT_MAKER;BOT_TAKER;TOMATOES;XIRECS;4968.0;2
155700;SUBMISSION;BOT;EMERALDS;XIRECS;10000.0;8
156400;SUBMISSION;BOT;EMERALDS;XIRECS;10000.0;8
159100;SUBMISSION;BOT_TAKER;TOMATOES;XIRECS;4965.0;3
160100;BOT_TAKER;SUBMISSION;TOMATOES;XIRECS;4976.0;2
160300;BOT;SUBMISSION;TOMATOES;XIRECS;4972.0;10
161000;BOT_TAKER;SUBMISSION;EMERALDS;XIRECS;10007.0;6
162200;SUBMISSION;BOT;TOMATOES;XIRECS;4973.0;8
163300;BOT;SUBMISSION;TOMATOES;XIRECS;4977.0;11
163900;SUBMISSION;BOT;TOMATOES;XIRECS;4973.0;3
164900;BOT_TAKER;BOT_MAKER;TOMATOES;XIRECS;4980.0;4
166000;BOT_TAKER;BOT_MAKER;TOMATOES;XIRECS;4979.0;2
168700;SUBMISSION;BOT;EMERALDS;XIRECS;10000.0;5
169700;SUBMISSION;BOT_TAKER;TOMATOES;XIRECS;4963.0;2
169900;BOT;SUBMISSION;EMERALDS;XIRECS;10000.0;9
170500;SUBMISSION;BOT_TAKER;TOMATOES;XIRECS;4962.0;3
171600;BOT_TAKER;SUBMISSION;TOMATOES;XIRECS;4975.0;2
172500;SUBMISSION;BOT_TAKER;EMERALDS;XIRECS;9993.0;7
172700;SUBMISSION;BOT;TOMATOES;XIRECS;4965.0;6
174100;BOT_TAKER;SUBMISSION;TOMATOES;XIRECS;4968.0;4
174900;BOT_TAKER;SUBMISSION;TOMATOES;XIRECS;4966.0;3
175000;BOT_TAKER;SUBMISSION;TOMATOES;XIRECS;4967.0;4
175300;SUBMISSION;BOT;TOMATOES;XIRECS;4960.0;12
176700;BOT_TAKER;SUBMISSION;TOMATOES;XIRECS;4964.0;5
177700;BOT_TAKER;SUBMISSION;TOMATOES;XIRECS;4962.0;3
180100;BOT;SUBMISSION;EMERALDS;XIRECS;10000.0;7
181000;BOT_TAKER;SUBMISSION;EMERALDS;XIRECS;10007.0;6
181900;SUBMISSION;BOT;TOMATOES;XIRECS;4951.0;6
182300;BOT_TAKER;SUBMISSION;TOMATOES;XIRECS;4959.0;2
182800;SUBMISSION;BOT_TAKER;TOMATOES;XIRECS;4948.0;3
182900;BOT_MAKER;BOT_TAKER;TOMATOES;XIRECS;4947.0;4
184100;BOT_TAKER;SUBMISSION;TOMATOES;XIRECS;4961.0;4
184800;SUBMISSION;BOT_TAKER;TOMATOES;XIRECS;4948.0;5
185600;SUBMISSION;BOT_TAKER;EMERALDS;XIRECS;9993.0;5
185600;BOT_TAKER;SUBMISSION;TOMATOES;XIRECS;4960.0;5
186400;SUBMISSION;BOT;EMERALDS;XIRECS;10000.0;10
187000;BOT_TAKER;SUBMISSION;TOMATOES;XIRECS;4959.0;5
188400;SUBMISSION;BOT_TAKER;TOMATOES;XIRECS;4947.0;2
189400;SUBMISSION;BOT;EMERALDS;XIRECS;10000.0;6
189800;BOT_TAKER;SUBMISSION;TOMATOES;XIRECS;4957.0;2
190400;SUBMISSION;BOT_TAKER;TOMATOES;XIRECS;4947.0;2
190900;SUBMISSION;BOT_TAKER;TOMATOES;XIRECS;4946.0;4
191300;SUBMISSION;BOT_TAKER;EMERALDS;XIRECS;9993.0;4
192300;SUBMISSION;BOT_TAKER;TOMATOES;XIRECS;4945.0;5
192800;BOT;SUBMISSION;EMERALDS;XIRECS;10000.0;8
192800;BOT;SUBMISSION;TOMATOES;XIRECS;4951.0;5
193800;BOT;SUBMISSION;EMERALDS;XIRECS;10000.0;8
196300;BOT_TAKER;SUBMISSION;EMERALDS;XIRECS;10007.0;7
196700;SUBMISSION;BOT_TAKER;EMERALDS;XIRECS;9993.0;8
197800;SUBMISSION;BOT_TAKER;EMERALDS;XIRECS;9993.0;8
198500;BOT;SUBMISSION;EMERALDS;XIRECS;10000.0;9
198700;SUBMISSION;BOT_TAKER;EMERALDS;XIRECS;9993.0;8
200200;SUBMISSION;BOT;EMERALDS;XIRECS;10000.0;10
203900;BOT;SUBMISSION;EMERALDS;XIRECS;10000.0;10
205300;BOT_TAKER;SUBMISSION;TOMATOES;XIRECS;4958.0;3
205400;SUBMISSION;BOT_TAKER;TOMATOES;XIRECS;4946.0;4
205600;SUBMISSION;BOT_TAKER;TOMATOES;XIRECS;4945.0;3
206700;BOT_TAKER;SUBMISSION;EMERALDS;XIRECS;10007.0;6
207300;BOT_TAKER;SUBMISSION;EMERALDS;XIRECS;10007.0;5
208600;BOT_TAKER;SUBMISSION;TOMATOES;XIRECS;4957.0;3
208900;SUBMISSION;BOT;EMERALDS;XIRECS;10000.0;10
210100;BOT_TAKER;SUBMISSION;EMERALDS;XIRECS;10007.0;6
210200;SUBMISSION;BOT_TAKER;TOMATOES;XIRECS;4945.0;3
210500;BOT_MAKER;BOT_TAKER;TOMATOES;XIRECS;4944.0;5
211000;BOT;SUBMISSION;TOMATOES;XIRECS;4952.0;9
211500;SUBMISSION;BOT_TAKER;TOMATOES;XIRECS;4945.0;2
212200;BOT_TAKER;SUBMISSION;TOMATOES;XIRECS;4956.0;4
214200;SUBMISSION;BOT;EMERALDS;XIRECS;10000.0;8
215300;SUBMISSION;BOT_TAKER;EMERALDS;XIRECS;9993.0;8
215500;SUBMISSION;BOT;TOMATOES;XIRECS;4948.0;7
216200;SUBMISSION;BOT_TAKER;TOMATOES;XIRECS;4943.0;3
216300;SUBMISSION;BOT;EMERALDS;XIRECS;10000.0;9
216600;SUBMISSION;BOT_TAKER;EMERALDS;XIRECS;9993.0;3
216600;BOT_MAKER;BOT_TAKER;EMERALDS;XIRECS;9992.0;4
217900;BOT;SUBMISSION;EMERALDS;XIRECS;10000.0;8
218500;BOT;SUBMISSION;TOMATOES;XIRECS;4948.0;3
220500;BOT_TAKER;SUBMISSION;TOMATOES;XIRECS;4955.0;5
221900;SUBMISSION;BOT_TAKER;TOMATOES;XIRECS;4947.0;3
223100;SUBMISSION;BOT_TAKER;TOMATOES;XIRECS;4948.0;4
224000;SUBMISSION;BOT_TAKER;TOMATOES;XIRECS;4948.0;2
224800;BOT;SUBMISSION;EMERALDS;XIRECS;10000.0;10
225400;SUBMISSION;BOT;EMERALDS;XIRECS;10000.0;6
225600;BOT_TAKER;SUBMISSION;TOMATOES;XIRECS;4957.0;4
225700;BOT_TAKER;SUBMISSION;TOMATOES;XIRECS;4956.0;5
226500;SUBMISSION;BOT;TOMATOES;XIRECS;4948.0;12
226700;BOT;SUBMISSION;EMERALDS;XIRECS;10000.0;9
227700;BOT_MAKER;BOT_TAKER;TOMATOES;XIRECS;4941.0;3
228300;BOT;SUBMISSION;EMERALDS;XIRECS;10000.0;10
228700;BOT_MAKER;BOT_TAKER;TOMATOES;XIRECS;4942.0;3
228800;BOT_TAKER;SUBMISSION;TOMATOES;XIRECS;4953.0;2
229400;SUBMISSION;BOT_TAKER;EMERALDS;XIRECS;9993.0;5
229500;BOT;SUBMISSION;EMERALDS;XIRECS;10000.0;8
230300;BOT_MAKER;BOT_TAKER;TOMATOES;XIRECS;4941.0;4
230900;SUBMISSION;BOT;EMERALDS;XIRECS;10000.0;5
231000;SUBMISSION;BOT;EMERALDS;XIRECS;10000.0;10
234600;BOT;SUBMISSION;TOMATOES;XIRECS;4945.0;11
235000;SUBMISSION;BOT_TAKER;TOMATOES;XIRECS;4937.0;5
236100;SUBMISSION;BOT_TAKER;TOMATOES;XIRECS;4939.0;2
236700;BOT;SUBMISSION;EMERALDS;XIRECS;10000.0;7
237300;BOT_MAKER;BOT_TAKER;TOMATOES;XIRECS;4936.0;2
239000;SUBMISSION;BOT;EMERALDS;XIRECS;10000.0;6
239600;BOT;SUBMISSION;EMERALDS;XIRECS;10000.0;6
240200;BOT;SUBMISSION;EMERALDS;XIRECS;10000.0;6
240300;SUBMISSION;BOT_TAKER;TOMATOES;XIRECS;4936.0;3
240700;BOT_MAKER;BOT_TAKER;TOMATOES;XIRECS;4934.0;2
240800;SUBMISSION;BOT;EMERALDS;XIRECS;10000.0;8
241700;SUBMISSION;BOT;EMERALDS;XIRECS;10000.0;10
242000;BOT_MAKER;BOT_TAKER;TOMATOES;XIRECS;4933.0;4
242400;BOT_TAKER;SUBMISSION;TOMATOES;XIRECS;4945.0;3
244300;SUBMISSION;BOT;EMERALDS;XIRECS;10000.0;8
245600;SUBMISSION;BOT_TAKER;TOMATOES;XIRECS;4935.0;3
246600;BOT_TAKER;SUBMISSION;TOMATOES;XIRECS;4944.0;2
249500;SUBMISSION;BOT;EMERALDS;XIRECS;10000.0;6
250700;BOT;SUBMISSION;EMERALDS;XIRECS;10000.0;9
251000;SUBMISSION;BOT_TAKER;TOMATOES;XIRECS;4933.0;2
252500;BOT_TAKER;SUBMISSION;EMERALDS;XIRECS;10000.0;3
253000;BOT;SUBMISSION;EMERALDS;XIRECS;10000.0;6
256100;SUBMISSION;BOT;EMERALDS;XIRECS;10000.0;7
256600;BOT_TAKER;BOT_MAKER;TOMATOES;XIRECS;4943.0;5
257300;SUBMISSION;BOT;EMERALDS;XIRECS;10000.0;8
259000;SUBMISSION;BOT_TAKER;TOMATOES;XIRECS;4937.0;4
259400;BOT;SUBMISSION;EMERALDS;XIRECS;10000.0;5
262500;SUBMISSION;BOT;EMERALDS;XIRECS;10000.0;5
262800;SUBMISSION;BOT;EMERALDS;XIRECS;10000.0;3
265700;BOT_MAKER;BOT_TAKER;EMERALDS;XIRECS;9992.0;3
266400;BOT_TAKER;SUBMISSION;TOMATOES;XIRECS;4947.0;4
269400;BOT_MAKER;BOT_TAKER;EMERALDS;XIRECS;9992.0;6
271100;SUBMISSION;BOT_TAKER;TOMATOES;XIRECS;4935.0;2
271300;BOT;SUBMISSION;TOMATOES;XIRECS;4940.0;2
271400;BOT_MAKER;BOT_TAKER;EMERALDS;XIRECS;9992.0;6
272000;BOT_MAKER;BOT_TAKER;TOMATOES;XIRECS;4936.0;5
272100;BOT_TAKER;SUBMISSION;TOMATOES;XIRECS;4948.0;5
273900;BOT_TAKER;SUBMISSION;TOMATOES;XIRECS;4947.0;2
276200;BOT;SUBMISSION;EMERALDS;XIRECS;10000.0;9
276800;BOT_TAKER;SUBMISSION;TOMATOES;XIRECS;4947.0;2
277100;SUBMISSION;BOT;EMERALDS;XIRECS;10000.0;6
277100;SUBMISSION;BOT_TAKER;TOMATOES;XIRECS;4937.0;2
277400;SUBMISSION;BOT;EMERALDS;XIRECS;10000.0;3
277800;BOT_TAKER;BOT_MAKER;TOMATOES;XIRECS;4946.0;5
278100;BOT_TAKER;SUBMISSION;TOMATOES;XIRECS;4945.0;2
278300;BOT_TAKER;SUBMISSION;TOMATOES;XIRECS;4945.0;5
279800;SUBMISSION;BOT_TAKER;TOMATOES;XIRECS;4936.0;4
282200;BOT_TAKER;BOT_MAKER;TOMATOES;XIRECS;4947.0;4
282300;BOT_TAKER;BOT_MAKER;TOMATOES;XIRECS;4947.0;2
282900;BOT;SUBMISSION;EMERALDS;XIRECS;10000.0;6
283900;SUBMISSION;BOT_TAKER;EMERALDS;XIRECS;9993.0;6
283900;BOT_MAKER;BOT_TAKER;EMERALDS;XIRECS;9992.0;1
284200;SUBMISSION;BOT_TAKER;TOMATOES;XIRECS;4938.0;4
284800;BOT_MAKER;BOT_TAKER;EMERALDS;XIRECS;9992.0;4
285000;BOT_TAKER;SUBMISSION;EMERALDS;XIRECS;10000.0;8
285700;SUBMISSION;BOT_TAKER;TOMATOES;XIRECS;4941.0;5
286000;BOT;SUBMISSION;TOMATOES;XIRECS;4947.0;7
286000;SUBMISSION;BOT_TAKER;EMERALDS;XIRECS;9993.0;5
286600;SUBMISSION;BOT_TAKER;TOMATOES;XIRECS;4940.0;2
287000;BOT_TAKER;SUBMISSION;TOMATOES;XIRECS;4951.0;5
287200;SUBMISSION;BOT;TOMATOES;XIRECS;4946.0;6
289600;BOT;SUBMISSION;EMERALDS;XIRECS;10000.0;5
290100;BOT_TAKER;SUBMISSION;TOMATOES;XIRECS;4951.0;4
292000;SUBMISSION;BOT_TAKER;EMERALDS;XIRECS;9993.0;4
292200;SUBMISSION;BOT_TAKER;EMERALDS;XIRECS;9993.0;4
292200;BOT_MAKER;BOT_TAKER;EMERALDS;XIRECS;9992.0;3
293700;BOT_TAKER;SUBMISSION;TOMATOES;XIRECS;4950.0;2
294700;BOT_TAKER;BOT_MAKER;TOMATOES;XIRECS;4950.0;3
294900;BOT_MAKER;BOT_TAKER;EMERALDS;XIRECS;9992.0;6
296100;SUBMISSION;BOT;TOMATOES;XIRECS;4940.0;9
298900;BOT_MAKER;BOT_TAKER;TOMATOES;XIRECS;4933.0;4
299200;BOT_TAKER;SUBMISSION;TOMATOES;XIRECS;4945.0;3
306000;SUBMISSION;BOT_TAKER;TOMATOES;XIRECS;4931.0;3
307200;BOT_TAKER;SUBMISSION;EMERALDS;XIRECS;10000.0;6
308800;SUBMISSION;BOT_TAKER;TOMATOES;XIRECS;4933.0;2
310500;SUBMISSION;BOT;EMERALDS;XIRECS;10000.0;6
310500;SUBMISSION;BOT_TAKER;TOMATOES;XIRECS;4935.0;2
311000;BOT_TAKER;SUBMISSION;TOMATOES;XIRECS;4946.0;2
311800;SUBMISSION;BOT_TAKER;TOMATOES;XIRECS;4933.0;5
312500;BOT;SUBMISSION;TOMATOES;XIRECS;4937.0;5
312900;BOT_MAKER;BOT_TAKER;EMERALDS;XIRECS;9992.0;6
313500;BOT;SUBMISSION;TOMATOES;XIRECS;4938.0;8
313500;BOT_TAKER;SUBMISSION;TOMATOES;XIRECS;4943.0;3
314000;BOT;SUBMISSION;EMERALDS;XIRECS;10000.0;10
314100;SUBMISSION;BOT_TAKER;TOMATOES;XIRECS;4930.0;3
314200;SUBMISSION;BOT;EMERALDS;XIRECS;10000.0;5
314300;SUBMISSION;BOT_TAKER;TOMATOES;XIRECS;4930.0;4
314900;BOT;SUBMISSION;EMERALDS;XIRECS;10000.0;8
316200;BOT_TAKER;SUBMISSION;EMERALDS;XIRECS;10007.0;6
316700;BOT_TAKER;SUBMISSION;TOMATOES;XIRECS;4939.0;4
317400;BOT_TAKER;SUBMISSION;TOMATOES;XIRECS;4938.0;5
318700;SUBMISSION;BOT_TAKER;EMERALDS;XIRECS;9993.0;3
318800;SUBMISSION;BOT_TAKER;EMERALDS;XIRECS;9993.0;7
319800;SUBMISSION;BOT;TOMATOES;XIRECS;4930.0;8
320700;SUBMISSION;BOT_TAKER;TOMATOES;XIRECS;4925.0;4
321200;BOT_MAKER;BOT_TAKER;TOMATOES;XIRECS;4924.0;4
321800;BOT_TAKER;SUBMISSION;TOMATOES;XIRECS;4936.0;2
322900;BOT_TAKER;SUBMISSION;TOMATOES;XIRECS;4937.0;4
323400;SUBMISSION;BOT_TAKER;EMERALDS;XIRECS;9993.0;7
326500;SUBMISSION;BOT_TAKER;EMERALDS;XIRECS;9993.0;2
326500;BOT_MAKER;BOT_TAKER;EMERALDS;XIRECS;9992.0;6
327700;BOT_TAKER;SUBMISSION;TOMATOES;XIRECS;4943.0;4
327800;BOT;SUBMISSION;EMERALDS;XIRECS;10000.0;5
328000;BOT_TAKER;SUBMISSION;EMERALDS;XIRECS;10000.0;7
328200;SUBMISSION;BOT_TAKER;TOMATOES;XIRECS;4930.0;5
328200;BOT_TAKER;BOT_MAKER;TOMATOES;XIRECS;4942.0;3
329200;SUBMISSION;BOT;TOMATOES;XIRECS;4935.0;5
332800;SUBMISSION;BOT;EMERALDS;XIRECS;10000.0;9
333900;SUBMISSION;BOT_TAKER;EMERALDS;XIRECS;9993.0;3
333900;BOT_MAKER;BOT_TAKER;EMERALDS;XIRECS;9992.0;4
335800;BOT;SUBMISSION;EMERALDS;XIRECS;10000.0;7
336800;BOT;SUBMISSION;TOMATOES;XIRECS;4940.0;11
337200;SUBMISSION;BOT_TAKER;EMERALDS;XIRECS;9993.0;4
339100;BOT_TAKER;BOT_MAKER;TOMATOES;XIRECS;4941.0;4
340100;BOT;SUBMISSION;EMERALDS;XIRECS;10000.0;7
340700;SUBMISSION;BOT;EMERALDS;XIRECS;10000.0;9
341600;BOT;SUBMISSION;EMERALDS;XIRECS;10000.0;5
341800;BOT;SUBMISSION;EMERALDS;XIRECS;10000.0;5
342300;SUBMISSION;BOT;TOMATOES;XIRECS;4929.0;4
343700;BOT;SUBMISSION;EMERALDS;XIRECS;10000.0;10
343900;SUBMISSION;BOT_TAKER;EMERALDS;XIRECS;9993.0;6
346100;SUBMISSION;BOT;TOMATOES;XIRECS;4930.0;3
346400;BOT_TAKER;SUBMISSION;TOMATOES;XIRECS;4936.0;5
346500;SUBMISSION;BOT;TOMATOES;XIRECS;4930.0;7
347800;SUBMISSION;BOT;EMERALDS;XIRECS;10000.0;7
349500;BOT;SUBMISSION;TOMATOES;XIRECS;4931.0;7
353300;BOT;SUBMISSION;EMERALDS;XIRECS;10000.0;5
353500;SUBMISSION;BOT_TAKER;TOMATOES;XIRECS;4925.0;3
355900;BOT_TAKER;SUBMISSION;EMERALDS;XIRECS;10007.0;4
356300;SUBMISSION;BOT_TAKER;EMERALDS;XIRECS;9993.0;3
357700;SUBMISSION;BOT;EMERALDS;XIRECS;10000.0;5
358400;BOT_TAKER;SUBMISSION;TOMATOES;XIRECS;4939.0;4
359200;BOT_TAKER;SUBMISSION;TOMATOES;XIRECS;4942.0;3
360500;BOT_TAKER;BOT_MAKER;TOMATOES;XIRECS;4942.0;3
362500;BOT_TAKER;BOT_MAKER;TOMATOES;XIRECS;4940.0;4
364400;SUBMISSION;BOT_TAKER;TOMATOES;XIRECS;4927.0;5
364500;BOT_TAKER;BOT_MAKER;TOMATOES;XIRECS;4938.0;4
364700;BOT;SUBMISSION;EMERALDS;XIRECS;10000.0;6
365300;BOT_TAKER;SUBMISSION;TOMATOES;XIRECS;4938.0;4
365800;BOT;SUBMISSION;EMERALDS;XIRECS;10000.0;6
366000;SUBMISSION;BOT;TOMATOES;XIRECS;4933.0;5
366500;SUBMISSION;BOT;TOMATOES;XIRECS;4933.0;2
374900;SUBMISSION;BOT_TAKER;TOMATOES;XIRECS;4931.0;5
375000;SUBMISSION;BOT;EMERALDS;XIRECS;10000.0;8
375200;SUBMISSION;BOT;EMERALDS;XIRECS;10000.0;5
377700;SUBMISSION;BOT;EMERALDS;XIRECS;10000.0;6
377800;SUBMISSION;BOT_TAKER;TOMATOES;XIRECS;4932.0;5
378900;BOT_MAKER;BOT_TAKER;TOMATOES;XIRECS;4929.0;4
379500;BOT;SUBMISSION;TOMATOES;XIRECS;4937.0;4
379500;BOT_TAKER;SUBMISSION;EMERALDS;XIRECS;10000.0;8
380900;BOT_TAKER;SUBMISSION;TOMATOES;XIRECS;4943.0;3
381000;SUBMISSION;BOT;EMERALDS;XIRECS;10000.0;9
381000;BOT_TAKER;SUBMISSION;EMERALDS;XIRECS;10000.0;8
382300;SUBMISSION;BOT_TAKER;EMERALDS;XIRECS;9993.0;6
383200;BOT;SUBMISSION;EMERALDS;XIRECS;10000.0;5
383600;SUBMISSION;BOT_TAKER;EMERALDS;XIRECS;9993.0;5
384700;SUBMISSION;BOT;EMERALDS;XIRECS;10000.0;3
384800;BOT_MAKER;BOT_TAKER;EMERALDS;XIRECS;9992.0;7
386800;BOT_TAKER;SUBMISSION;TOMATOES;XIRECS;4945.0;5
389300;BOT_MAKER;BOT_TAKER;EMERALDS;XIRECS;9992.0;4
389300;BOT_TAKER;SUBMISSION;TOMATOES;XIRECS;4944.0;2
392500;SUBMISSION;BOT;TOMATOES;XIRECS;4937.0;3
395800;SUBMISSION;BOT_TAKER;TOMATOES;XIRECS;4931.0;5
397400;BOT_TAKER;SUBMISSION;TOMATOES;XIRECS;4940.0;2
402500;BOT;SUBMISSION;EMERALDS;XIRECS;10000.0;10
402600;BOT_TAKER;BOT_MAKER;TOMATOES;XIRECS;4935.0;4
402700;BOT_TAKER;SUBMISSION;TOMATOES;XIRECS;4941.0;5
402800;BOT_TAKER;SUBMISSION;TOMATOES;XIRECS;4941.0;3
404400;SUBMISSION;BOT_TAKER;TOMATOES;XIRECS;4928.0;2
404600;BOT_TAKER;BOT_MAKER;TOMATOES;XIRECS;4941.0;3
406000;SUBMISSION;BOT_TAKER;EMERALDS;XIRECS;9993.0;4
406600;BOT;SUBMISSION;EMERALDS;XIRECS;10000.0;5
410100;BOT;SUBMISSION;EMERALDS;XIRECS;10000.0;10
410200;SUBMISSION;BOT_TAKER;TOMATOES;XIRECS;4929.0;2
411200;BOT_TAKER;SUBMISSION;TOMATOES;XIRECS;4943.0;2
411800;SUBMISSION;BOT_TAKER;EMERALDS;XIRECS;9993.0;5
411900;BOT_TAKER;BOT_MAKER;TOMATOES;XIRECS;4943.0;4
412200;SUBMISSION;BOT;TOMATOES;XIRECS;4937.0;11
413200;BOT_MAKER;BOT_TAKER;TOMATOES;XIRECS;4931.0;2
414900;BOT;SUBMISSION;EMERALDS;XIRECS;10000.0;9
415000;SUBMISSION;BOT_TAKER;EMERALDS;XIRECS;9993.0;8
415600;SUBMISSION;BOT_TAKER;TOMATOES;XIRECS;4927.0;2
421300;BOT;SUBMISSION;TOMATOES;XIRECS;4934.0;6
422700;BOT;SUBMISSION;TOMATOES;XIRECS;4934.0;2
422900;BOT_TAKER;SUBMISSION;TOMATOES;XIRECS;4941.0;2
423300;BOT_TAKER;SUBMISSION;EMERALDS;XIRECS;10007.0;5
425200;BOT_TAKER;SUBMISSION;EMERALDS;XIRECS;10007.0;4
426100;BOT_TAKER;SUBMISSION;EMERALDS;XIRECS;10007.0;4
426600;BOT;SUBMISSION;EMERALDS;XIRECS;10000.0;7
426900;SUBMISSION;BOT_TAKER;EMERALDS;XIRECS;9993.0;3
426900;SUBMISSION;BOT_TAKER;TOMATOES;XIRECS;4925.0;2
430300;BOT_TAKER;SUBMISSION;TOMATOES;XIRECS;4937.0;2
431300;BOT;SUBMISSION;EMERALDS;XIRECS;10000.0;5
431800;BOT;SUBMISSION;EMERALDS;XIRECS;10000.0;5
434300;BOT;SUBMISSION;EMERALDS;XIRECS;10000.0;8
435500;SUBMISSION;BOT_TAKER;EMERALDS;XIRECS;9993.0;3
439700;SUBMISSION;BOT_TAKER;TOMATOES;XIRECS;4931.0;2
441400;BOT_TAKER;SUBMISSION;TOMATOES;XIRECS;4944.0;2
442300;BOT_TAKER;SUBMISSION;EMERALDS;XIRECS;10007.0;7
442800;SUBMISSION;BOT_TAKER;EMERALDS;XIRECS;9993.0;5
444600;SUBMISSION;BOT;TOMATOES;XIRECS;4935.0;2
448500;BOT_TAKER;SUBMISSION;TOMATOES;XIRECS;4943.0;2
448600;SUBMISSION;BOT;EMERALDS;XIRECS;10000.0;9
449400;BOT;SUBMISSION;EMERALDS;XIRECS;10000.0;6
450200;SUBMISSION;BOT_TAKER;TOMATOES;XIRECS;4929.0;3
451600;SUBMISSION;BOT;TOMATOES;XIRECS;4930.0;5
453900;BOT_MAKER;BOT_TAKER;TOMATOES;XIRECS;4924.0;3
454600;BOT_TAKER;SUBMISSION;EMERALDS;XIRECS;10007.0;5
455400;BOT_TAKER;SUBMISSION;TOMATOES;XIRECS;4936.0;5
455500;BOT;SUBMISSION;EMERALDS;XIRECS;10000.0;8
455900;BOT;SUBMISSION;EMERALDS;XIRECS;10000.0;7
456300;SUBMISSION;BOT_TAKER;TOMATOES;XIRECS;4925.0;3
457800;SUBMISSION;BOT_TAKER;TOMATOES;XIRECS;4922.0;5
458900;BOT_MAKER;BOT_TAKER;TOMATOES;XIRECS;4922.0;5
459600;BOT;SUBMISSION;TOMATOES;XIRECS;4929.0;10
460300;BOT_TAKER;SUBMISSION;EMERALDS;XIRECS;10007.0;6
460800;BOT_TAKER;SUBMISSION;TOMATOES;XIRECS;4933.0;2
460900;BOT_TAKER;SUBMISSION;EMERALDS;XIRECS;10007.0;5
462500;BOT_TAKER;SUBMISSION;EMERALDS;XIRECS;10007.0;7
462700;SUBMISSION;BOT_TAKER;EMERALDS;XIRECS;9993.0;4
463600;SUBMISSION;BOT;EMERALDS;XIRECS;10000.0;6
463600;BOT_TAKER;SUBMISSION;TOMATOES;XIRECS;4934.0;3
463700;SUBMISSION;BOT_TAKER;EMERALDS;XIRECS;9993.0;5
463800;BOT_TAKER;BOT_MAKER;TOMATOES;XIRECS;4935.0;3
463900;SUBMISSION;BOT_TAKER;TOMATOES;XIRECS;4924.0;4
465100;SUBMISSION;BOT;EMERALDS;XIRECS;10000.0;7
465200;SUBMISSION;BOT_TAKER;TOMATOES;XIRECS;4922.0;2
465500;BOT;SUBMISSION;EMERALDS;XIRECS;10000.0;7
466100;BOT_TAKER;SUBMISSION;TOMATOES;XIRECS;4932.0;3
466300;BOT_TAKER;SUBMISSION;TOMATOES;XIRECS;4932.0;2
466800;BOT_TAKER;BOT_MAKER;TOMATOES;XIRECS;4933.0;6
467000;SUBMISSION;BOT_TAKER;EMERALDS;XIRECS;9993.0;6
468700;SUBMISSION;BOT_TAKER;TOMATOES;XIRECS;4922.0;4
469300;BOT_TAKER;SUBMISSION;EMERALDS;XIRECS;10007.0;6
472300;SUBMISSION;BOT;EMERALDS;XIRECS;10000.0;9
472700;SUBMISSION;BOT;EMERALDS;XIRECS;10000.0;8
475200;BOT;SUBMISSION;EMERALDS;XIRECS;10000.0;5
480000;BOT;SUBMISSION;EMERALDS;XIRECS;10000.0;6
480100;SUBMISSION;BOT_TAKER;TOMATOES;XIRECS;4927.0;5
480500;SUBMISSION;BOT;EMERALDS;XIRECS;10000.0;6
480800;BOT;SUBMISSION;TOMATOES;XIRECS;4931.0;2
481000;BOT_TAKER;SUBMISSION;TOMATOES;XIRECS;4937.0;3
484600;BOT_TAKER;SUBMISSION;EMERALDS;XIRECS;10007.0;8
484800;BOT;SUBMISSION;EMERALDS;XIRECS;10000.0;7
484900;BOT;SUBMISSION;EMERALDS;XIRECS;10000.0;8
485800;BOT_TAKER;SUBMISSION;EMERALDS;XIRECS;10007.0;5
487900;BOT_TAKER;SUBMISSION;TOMATOES;XIRECS;4938.0;4
490000;SUBMISSION;BOT;TOMATOES;XIRECS;4934.0;4
490300;BOT_TAKER;SUBMISSION;TOMATOES;XIRECS;4939.0;5
491700;SUBMISSION;BOT_TAKER;TOMATOES;XIRECS;4928.0;2
492100;SUBMISSION;BOT_TAKER;TOMATOES;XIRECS;4929.0;4
493600;BOT_TAKER;SUBMISSION;TOMATOES;XIRECS;4940.0;5
495400;SUBMISSION;BOT_TAKER;EMERALDS;XIRECS;9993.0;3
496300;BOT;SUBMISSION;EMERALDS;XIRECS;10000.0;6
498700;BOT_TAKER;SUBMISSION;TOMATOES;XIRECS;4940.0;3
499200;BOT;SUBMISSION;EMERALDS;XIRECS;10000.0;10
500100;SUBMISSION;BOT;EMERALDS;XIRECS;10000.0;5
500400;BOT_TAKER;BOT_MAKER;TOMATOES;XIRECS;4941.0;2
500900;SUBMISSION;BOT_TAKER;EMERALDS;XIRECS;9993.0;7
501100;SUBMISSION;BOT_TAKER;EMERALDS;XIRECS;9993.0;4
501500;BOT_TAKER;SUBMISSION;EMERALDS;XIRECS;10007.0;6
501600;SUBMISSION;BOT_TAKER;TOMATOES;XIRECS;4929.0;3
502800;SUBMISSION;BOT;TOMATOES;XIRECS;4934.0;7
503600;BOT;SUBMISSION;EMERALDS;XIRECS;10000.0;8
504200;BOT_TAKER;SUBMISSION;EMERALDS;XIRECS;10007.0;8
504600;BOT_TAKER;SUBMISSION;TOMATOES;XIRECS;4941.0;2
506200;SUBMISSION;BOT;EMERALDS;XIRECS;10000.0;8
507700;BOT_TAKER;SUBMISSION;TOMATOES;XIRECS;4941.0;3
507700;BOT_TAKER;SUBMISSION;TOMATOES;XIRECS;4941.0;5
507800;SUBMISSION;BOT;TOMATOES;XIRECS;4938.0;2
508600;SUBMISSION;BOT_TAKER;TOMATOES;XIRECS;4930.0;2
509900;SUBMISSION;BOT;TOMATOES;XIRECS;4937.0;3
515900;BOT_TAKER;SUBMISSION;EMERALDS;XIRECS;10007.0;4
519500;SUBMISSION;BOT;TOMATOES;XIRECS;4940.0;11
519800;BOT;SUBMISSION;TOMATOES;XIRECS;4943.0;6
526200;BOT;SUBMISSION;EMERALDS;XIRECS;10000.0;5
526200;BOT_TAKER;SUBMISSION;TOMATOES;XIRECS;4949.0;4
527000;SUBMISSION;BOT_TAKER;TOMATOES;XIRECS;4937.0;2
527200;BOT_TAKER;SUBMISSION;TOMATOES;XIRECS;4948.0;4
528100;BOT_TAKER;SUBMISSION;EMERALDS;XIRECS;10007.0;7
528200;SUBMISSION;BOT;TOMATOES;XIRECS;4943.0;11
530300;BOT;SUBMISSION;TOMATOES;XIRECS;4947.0;10
530500;BOT_TAKER;SUBMISSION;TOMATOES;XIRECS;4954.0;5
530900;SUBMISSION;BOT;EMERALDS;XIRECS;10000.0;5
531500;SUBMISSION;BOT;TOMATOES;XIRECS;4947.0;5
532400;BOT;SUBMISSION;EMERALDS;XIRECS;10000.0;5
533200;SUBMISSION;BOT;EMERALDS;XIRECS;10000.0;7
534200;BOT_TAKER;SUBMISSION;TOMATOES;XIRECS;4953.0;5
534400;BOT;SUBMISSION;EMERALDS;XIRECS;10000.0;9
534400;SUBMISSION;BOT;TOMATOES;XIRECS;4948.0;5
534600;BOT_TAKER;SUBMISSION;EMERALDS;XIRECS;10007.0;3
535000;BOT;SUBMISSION;EMERALDS;XIRECS;10000.0;9
536400;BOT_TAKER;SUBMISSION;TOMATOES;XIRECS;4953.0;4
536700;SUBMISSION;BOT;TOMATOES;XIRECS;4948.0;3
537300;BOT;SUBMISSION;EMERALDS;XIRECS;10000.0;6
546900;BOT_MAKER;BOT_TAKER;TOMATOES;XIRECS;4948.0;5
547300;SUBMISSION;BOT_TAKER;TOMATOES;XIRECS;4944.0;3
547600;BOT;SUBMISSION;EMERALDS;XIRECS;10000.0;10
547800;SUBMISSION;BOT;EMERALDS;XIRECS;10000.0;7
549200;BOT_TAKER;SUBMISSION;EMERALDS;XIRECS;10007.0;8
550800;SUBMISSION;BOT_TAKER;TOMATOES;XIRECS;4940.0;5
551200;BOT_TAKER;SUBMISSION;EMERALDS;XIRECS;10007.0;8
551500;BOT_TAKER;SUBMISSION;EMERALDS;XIRECS;10007.0;3
552500;BOT_MAKER;BOT_TAKER;TOMATOES;XIRECS;4937.0;5
552700;BOT;SUBMISSION;EMERALDS;XIRECS;10000.0;4
552900;BOT_TAKER;SUBMISSION;TOMATOES;XIRECS;4948.0;5
556900;SUBMISSION;BOT;EMERALDS;XIRECS;10000.0;5
558000;BOT;SUBMISSION;EMERALDS;XIRECS;10000.0;5
559100;BOT_TAKER;SUBMISSION;TOMATOES;XIRECS;4946.0;4
559200;BOT_TAKER;BOT_MAKER;EMERALDS;XIRECS;10008.0;6
561400;SUBMISSION;BOT;TOMATOES;XIRECS;4945.0;6
561600;BOT_TAKER;BOT_MAKER;EMERALDS;XIRECS;10008.0;5
563800;SUBMISSION;BOT;EMERALDS;XIRECS;10000.0;7
564700;BOT;SUBMISSION;EMERALDS;XIRECS;10000.0;7
565500;BOT_TAKER;SUBMISSION;TOMATOES;XIRECS;4954.0;3
567000;SUBMISSION;BOT;EMERALDS;XIRECS;10000.0;7
567300;BOT_TAKER;SUBMISSION;EMERALDS;XIRECS;10007.0;3
567400;SUBMISSION;BOT;EMERALDS;XIRECS;10000.0;9
567500;BOT_TAKER;SUBMISSION;TOMATOES;XIRECS;4955.0;4
568600;BOT_TAKER;SUBMISSION;TOMATOES;XIRECS;4954.0;4
569600;SUBMISSION;BOT;EMERALDS;XIRECS;10000.0;9
569700;BOT_TAKER;SUBMISSION;EMERALDS;XIRECS;10007.0;5
569900;BOT;SUBMISSION;EMERALDS;XIRECS;10000.0;8
570300;SUBMISSION;BOT_TAKER;TOMATOES;XIRECS;4940.0;4
571100;BOT_TAKER;SUBMISSION;TOMATOES;XIRECS;4955.0;3
572300;SUBMISSION;BOT_TAKER;TOMATOES;XIRECS;4941.0;2
573100;SUBMISSION;BOT;TOMATOES;XIRECS;4943.0;9
573200;SUBMISSION;BOT;EMERALDS;XIRECS;10000.0;10
573300;SUBMISSION;BOT;EMERALDS;XIRECS;10000.0;6
574000;BOT_MAKER;BOT_TAKER;TOMATOES;XIRECS;4941.0;4
575500;SUBMISSION;BOT_TAKER;EMERALDS;XIRECS;9993.0;6
575700;SUBMISSION;BOT_TAKER;TOMATOES;XIRECS;4945.0;5
576000;SUBMISSION;BOT_TAKER;EMERALDS;XIRECS;9993.0;4
576100;SUBMISSION;BOT;EMERALDS;XIRECS;10000.0;9
576200;BOT;SUBMISSION;TOMATOES;XIRECS;4951.0;3
577400;BOT;SUBMISSION;TOMATOES;XIRECS;4952.0;6
579300;BOT_TAKER;SUBMISSION;EMERALDS;XIRECS;10007.0;6
581500;SUBMISSION;BOT;EMERALDS;XIRECS;10000.0;8
581900;SUBMISSION;BOT;EMERALDS;XIRECS;10000.0;10
582700;SUBMISSION;BOT_TAKER;TOMATOES;XIRECS;4952.0;5
583000;BOT_MAKER;BOT_TAKER;TOMATOES;XIRECS;4951.0;4
583300;BOT_TAKER;SUBMISSION;TOMATOES;XIRECS;4964.0;2
583700;BOT;SUBMISSION;EMERALDS;XIRECS;10000.0;9
588300;BOT;SUBMISSION;EMERALDS;XIRECS;10000.0;6
588900;BOT_TAKER;SUBMISSION;TOMATOES;XIRECS;4957.0;2
589800;SUBMISSION;BOT_TAKER;TOMATOES;XIRECS;4947.0;5
591000;BOT_TAKER;SUBMISSION;TOMATOES;XIRECS;4959.0;4
591700;BOT_TAKER;SUBMISSION;TOMATOES;XIRECS;4960.0;4
592000;BOT_TAKER;SUBMISSION;EMERALDS;XIRECS;10007.0;3
593000;SUBMISSION;BOT_TAKER;TOMATOES;XIRECS;4948.0;2
595000;BOT_TAKER;SUBMISSION;EMERALDS;XIRECS;10007.0;4
596700;BOT_TAKER;SUBMISSION;EMERALDS;XIRECS;10007.0;7
597200;BOT;SUBMISSION;EMERALDS;XIRECS;10000.0;9
598200;BOT;SUBMISSION;EMERALDS;XIRECS;10000.0;6
600800;BOT;SUBMISSION;EMERALDS;XIRECS;10000.0;6
602100;BOT;SUBMISSION;EMERALDS;XIRECS;10000.0;6
602400;SUBMISSION;BOT;EMERALDS;XIRECS;10000.0;7
602700;BOT;SUBMISSION;EMERALDS;XIRECS;10000.0;5
602900;SUBMISSION;BOT_TAKER;TOMATOES;XIRECS;4947.0;5
605200;BOT_MAKER;BOT_TAKER;TOMATOES;XIRECS;4948.0;5
608500;BOT;SUBMISSION;TOMATOES;XIRECS;4957.0;5
608800;BOT_TAKER;SUBMISSION;TOMATOES;XIRECS;4962.0;4
611100;SUBMISSION;BOT;TOMATOES;XIRECS;4952.0;9
612300;BOT_MAKER;BOT_TAKER;TOMATOES;XIRECS;4948.0;3
612800;BOT_MAKER;BOT_TAKER;TOMATOES;XIRECS;4947.0;2
615400;BOT_TAKER;SUBMISSION;EMERALDS;XIRECS;10007.0;2
615400;BOT_TAKER;BOT_MAKER;EMERALDS;XIRECS;10008.0;4
615400;BOT_TAKER;SUBMISSION;TOMATOES;XIRECS;4953.0;2
617100;SUBMISSION;BOT;EMERALDS;XIRECS;10000.0;6
618500;SUBMISSION;BOT_TAKER;TOMATOES;XIRECS;4946.0;2
619700;SUBMISSION;BOT_TAKER;EMERALDS;XIRECS;10000.0;3
622100;SUBMISSION;BOT;EMERALDS;XIRECS;10000.0;8
623000;BOT_MAKER;BOT_TAKER;TOMATOES;XIRECS;4944.0;2
623700;BOT;SUBMISSION;TOMATOES;XIRECS;4950.0;8
624300;BOT_TAKER;BOT_MAKER;TOMATOES;XIRECS;4955.0;3
625100;SUBMISSION;BOT_TAKER;TOMATOES;XIRECS;4946.0;4
626000;SUBMISSION;BOT;EMERALDS;XIRECS;10000.0;6
626000;SUBMISSION;BOT_TAKER;TOMATOES;XIRECS;4947.0;5
629300;BOT_TAKER;SUBMISSION;TOMATOES;XIRECS;4954.0;4
629700;SUBMISSION;BOT_TAKER;TOMATOES;XIRECS;4945.0;4
630100;SUBMISSION;BOT_TAKER;TOMATOES;XIRECS;4944.0;3
630400;BOT_MAKER;BOT_TAKER;TOMATOES;XIRECS;4943.0;2
632900;BOT_MAKER;BOT_TAKER;TOMATOES;XIRECS;4948.0;2
633300;BOT_TAKER;SUBMISSION;TOMATOES;XIRECS;4960.0;3
634400;BOT_TAKER;SUBMISSION;TOMATOES;XIRECS;4959.0;3
634800;SUBMISSION;BOT_TAKER;TOMATOES;XIRECS;4948.0;3
635400;BOT_MAKER;BOT_TAKER;TOMATOES;XIRECS;4946.0;2
635500;BOT;SUBMISSION;TOMATOES;XIRECS;4952.0;2
635600;BOT_MAKER;BOT_TAKER;TOMATOES;XIRECS;4947.0;5
636700;BOT_MAKER;BOT_TAKER;TOMATOES;XIRECS;4946.0;2
637000;BOT_TAKER;SUBMISSION;TOMATOES;XIRECS;4958.0;3
637700;BOT_TAKER;SUBMISSION;TOMATOES;XIRECS;4955.0;3
638400;SUBMISSION;BOT_TAKER;TOMATOES;XIRECS;4943.0;2
638400;BOT_TAKER;SUBMISSION;TOMATOES;XIRECS;4954.0;4
642100;BOT_TAKER;SUBMISSION;EMERALDS;XIRECS;10007.0;7
643100;SUBMISSION;BOT_TAKER;TOMATOES;XIRECS;4947.0;4
643300;BOT;SUBMISSION;EMERALDS;XIRECS;10000.0;9
643300;BOT_TAKER;SUBMISSION;EMERALDS;XIRECS;10007.0;7
644500;SUBMISSION;BOT_TAKER;TOMATOES;XIRECS;4946.0;4
645600;BOT_TAKER;BOT_MAKER;EMERALDS;XIRECS;10008.0;4
648100;BOT;SUBMISSION;TOMATOES;XIRECS;4953.0;7
648700;SUBMISSION;BOT_TAKER;TOMATOES;XIRECS;4946.0;2
648800;SUBMISSION;BOT_TAKER;EMERALDS;XIRECS;10000.0;4
649400;BOT_TAKER;SUBMISSION;TOMATOES;XIRECS;4956.0;4
650800;SUBMISSION;BOT_TAKER;TOMATOES;XIRECS;4947.0;2
652900;BOT_TAKER;SUBMISSION;TOMATOES;XIRECS;4957.0;2
653600;SUBMISSION;BOT;TOMATOES;XIRECS;4949.0;11
654400;BOT_TAKER;SUBMISSION;TOMATOES;XIRECS;4956.0;3
655300;BOT_TAKER;SUBMISSION;EMERALDS;XIRECS;10007.0;4
655300;BOT_TAKER;BOT_MAKER;EMERALDS;XIRECS;10008.0;4
655700;SUBMISSION;BOT_TAKER;TOMATOES;XIRECS;4941.0;5
656000;BOT;SUBMISSION;TOMATOES;XIRECS;4945.0;4
656200;BOT_TAKER;SUBMISSION;TOMATOES;XIRECS;4952.0;6
657800;SUBMISSION;BOT_TAKER;TOMATOES;XIRECS;4940.0;3
658100;SUBMISSION;BOT_TAKER;TOMATOES;XIRECS;4941.0;2
659800;BOT_TAKER;BOT_MAKER;EMERALDS;XIRECS;10008.0;6
659800;BOT_TAKER;SUBMISSION;TOMATOES;XIRECS;4948.0;3
663100;BOT_TAKER;SUBMISSION;TOMATOES;XIRECS;4945.0;4
664700;BOT_TAKER;BOT_MAKER;TOMATOES;XIRECS;4944.0;3
665200;SUBMISSION;BOT;TOMATOES;XIRECS;4935.0;6
665300;SUBMISSION;BOT_TAKER;TOMATOES;XIRECS;4928.0;5
666300;BOT_MAKER;BOT_TAKER;TOMATOES;XIRECS;4926.0;5
666500;BOT_TAKER;SUBMISSION;TOMATOES;XIRECS;4938.0;4
669200;SUBMISSION;BOT_TAKER;EMERALDS;XIRECS;10000.0;5
669900;SUBMISSION;BOT_TAKER;EMERALDS;XIRECS;10000.0;8
670000;BOT;SUBMISSION;EMERALDS;XIRECS;10000.0;5
670300;BOT;SUBMISSION;EMERALDS;XIRECS;10000.0;8
670500;BOT_TAKER;SUBMISSION;TOMATOES;XIRECS;4937.0;5
674600;BOT_TAKER;SUBMISSION;TOMATOES;XIRECS;4941.0;3
675000;SUBMISSION;BOT;EMERALDS;XIRECS;10000.0;7
675500;BOT_TAKER;BOT_MAKER;TOMATOES;XIRECS;4942.0;3
678700;SUBMISSION;BOT;EMERALDS;XIRECS;10000.0;9
679600;SUBMISSION;BOT;EMERALDS;XIRECS;10000.0;5
679700;SUBMISSION;BOT;EMERALDS;XIRECS;10000.0;6
681900;SUBMISSION;BOT;EMERALDS;XIRECS;10000.0;5
683300;BOT;SUBMISSION;EMERALDS;XIRECS;10000.0;8
683700;SUBMISSION;BOT_TAKER;TOMATOES;XIRECS;4935.0;5
686100;BOT_TAKER;SUBMISSION;TOMATOES;XIRECS;4942.0;5
686400;SUBMISSION;BOT;TOMATOES;XIRECS;4936.0;5
686600;SUBMISSION;BOT_TAKER;EMERALDS;XIRECS;9993.0;6
687400;BOT_TAKER;SUBMISSION;TOMATOES;XIRECS;4943.0;5
687500;BOT_TAKER;SUBMISSION;EMERALDS;XIRECS;10007.0;3
688300;SUBMISSION;BOT;TOMATOES;XIRECS;4939.0;2
690300;SUBMISSION;BOT;EMERALDS;XIRECS;10000.0;7
691700;SUBMISSION;BOT;EMERALDS;XIRECS;10000.0;10
692200;BOT;SUBMISSION;EMERALDS;XIRECS;10000.0;10
692400;BOT_TAKER;SUBMISSION;EMERALDS;XIRECS;10007.0;8
692500;BOT;SUBMISSION;EMERALDS;XIRECS;10000.0;6
692600;SUBMISSION;BOT_TAKER;EMERALDS;XIRECS;9993.0;6
694300;BOT;SUBMISSION;EMERALDS;XIRECS;10000.0;6
695100;BOT_TAKER;SUBMISSION;EMERALDS;XIRECS;10007.0;4
695200;SUBMISSION;BOT;EMERALDS;XIRECS;10000.0;7
695500;SUBMISSION;BOT_TAKER;TOMATOES;XIRECS;4935.0;2
696300;SUBMISSION;BOT;EMERALDS;XIRECS;10000.0;9
698300;BOT;SUBMISSION;EMERALDS;XIRECS;10000.0;6
699000;SUBMISSION;BOT_TAKER;TOMATOES;XIRECS;4940.0;5
699300;BOT_TAKER;SUBMISSION;TOMATOES;XIRECS;4951.0;4
699900;BOT_TAKER;SUBMISSION;EMERALDS;XIRECS;10007.0;7
701500;BOT_TAKER;SUBMISSION;TOMATOES;XIRECS;4950.0;2
701600;SUBMISSION;BOT_TAKER;TOMATOES;XIRECS;4938.0;2
702400;SUBMISSION;BOT_TAKER;EMERALDS;XIRECS;9993.0;7
702800;BOT;SUBMISSION;EMERALDS;XIRECS;10000.0;9
703000;BOT;SUBMISSION;EMERALDS;XIRECS;10000.0;5
704200;BOT_TAKER;SUBMISSION;EMERALDS;XIRECS;10007.0;5
704900;SUBMISSION;BOT;EMERALDS;XIRECS;10000.0;9
708400;BOT_TAKER;SUBMISSION;EMERALDS;XIRECS;10007.0;8
708600;BOT;SUBMISSION;EMERALDS;XIRECS;10000.0;8
708800;SUBMISSION;BOT_TAKER;TOMATOES;XIRECS;4937.0;4
710200;BOT_TAKER;SUBMISSION;TOMATOES;XIRECS;4950.0;2
711200;SUBMISSION;BOT_TAKER;TOMATOES;XIRECS;4941.0;2
711700;SUBMISSION;BOT_TAKER;TOMATOES;XIRECS;4941.0;3
711800;BOT_TAKER;SUBMISSION;TOMATOES;XIRECS;4951.0;2
712200;SUBMISSION;BOT;EMERALDS;XIRECS;10000.0;7
712500;BOT_TAKER;SUBMISSION;TOMATOES;XIRECS;4951.0;2
714100;BOT_TAKER;SUBMISSION;TOMATOES;XIRECS;4949.0;4
714700;SUBMISSION;BOT_TAKER;TOMATOES;XIRECS;4936.0;2
715700;BOT_TAKER;SUBMISSION;TOMATOES;XIRECS;4947.0;5
716000;SUBMISSION;BOT;EMERALDS;XIRECS;10000.0;7
717300;BOT_TAKER;SUBMISSION;EMERALDS;XIRECS;10007.0;8
719100;BOT_TAKER;BOT_MAKER;TOMATOES;XIRECS;4944.0;5
720200;SUBMISSION;BOT_TAKER;TOMATOES;XIRECS;4933.0;2
722100;SUBMISSION;BOT;TOMATOES;XIRECS;4938.0;2
723300;BOT_TAKER;SUBMISSION;EMERALDS;XIRECS;10007.0;5
724300;SUBMISSION;BOT_TAKER;EMERALDS;XIRECS;10000.0;3
724800;SUBMISSION;BOT;TOMATOES;XIRECS;4931.0;7
724900;BOT_MAKER;BOT_TAKER;TOMATOES;XIRECS;4926.0;5
725500;SUBMISSION;BOT;EMERALDS;XIRECS;10000.0;8
725900;BOT_TAKER;SUBMISSION;EMERALDS;XIRECS;10007.0;8
726000;BOT_TAKER;BOT_MAKER;TOMATOES;XIRECS;4932.0;3
728900;BOT_MAKER;BOT_TAKER;TOMATOES;XIRECS;4921.0;2
729000;BOT;SUBMISSION;TOMATOES;XIRECS;4929.0;7
729400;SUBMISSION;BOT_TAKER;TOMATOES;XIRECS;4922.0;5
732100;BOT_TAKER;SUBMISSION;TOMATOES;XIRECS;4933.0;4
732300;SUBMISSION;BOT;EMERALDS;XIRECS;10000.0;9
733400;SUBMISSION;BOT_TAKER;TOMATOES;XIRECS;4920.0;3
733500;SUBMISSION;BOT_TAKER;TOMATOES;XIRECS;4920.0;3
735000;BOT_MAKER;BOT_TAKER;TOMATOES;XIRECS;4915.0;3
736000;BOT_TAKER;SUBMISSION;EMERALDS;XIRECS;10007.0;6
736100;BOT_TAKER;SUBMISSION;TOMATOES;XIRECS;4927.0;3
737600;BOT_TAKER;SUBMISSION;TOMATOES;XIRECS;4922.0;5
738000;BOT_TAKER;SUBMISSION;TOMATOES;XIRECS;4922.0;5
741000;SUBMISSION;BOT_TAKER;TOMATOES;XIRECS;4913.0;2
741200;SUBMISSION;BOT_TAKER;EMERALDS;XIRECS;10000.0;7
741200;BOT_TAKER;SUBMISSION;TOMATOES;XIRECS;4923.0;2
741300;BOT;SUBMISSION;EMERALDS;XIRECS;10000.0;10
741400;BOT;SUBMISSION;EMERALDS;XIRECS;10000.0;4
741600;SUBMISSION;BOT_TAKER;TOMATOES;XIRECS;4912.0;4
741900;SUBMISSION;BOT;EMERALDS;XIRECS;10000.0;6
743600;SUBMISSION;BOT_TAKER;TOMATOES;XIRECS;4911.0;4
744800;BOT_TAKER;SUBMISSION;TOMATOES;XIRECS;4922.0;4
745200;BOT;SUBMISSION;EMERALDS;XIRECS;10000.0;6
745500;BOT_TAKER;SUBMISSION;TOMATOES;XIRECS;4922.0;4
745600;SUBMISSION;BOT;TOMATOES;XIRECS;4917.0;3
746800;SUBMISSION;BOT_TAKER;EMERALDS;XIRECS;10000.0;4
747300;SUBMISSION;BOT;TOMATOES;XIRECS;4915.0;5
749500;BOT_TAKER;SUBMISSION;EMERALDS;XIRECS;10007.0;3
749600;SUBMISSION;BOT_TAKER;TOMATOES;XIRECS;4908.0;4
749900;BOT_TAKER;SUBMISSION;EMERALDS;XIRECS;10007.0;1
749900;BOT_TAKER;BOT_MAKER;EMERALDS;XIRECS;10008.0;7
750600;BOT;SUBMISSION;TOMATOES;XIRECS;4913.0;2
751200;BOT_TAKER;SUBMISSION;TOMATOES;XIRECS;4919.0;2
752900;SUBMISSION;BOT_TAKER;EMERALDS;XIRECS;10000.0;4
755500;BOT_TAKER;SUBMISSION;EMERALDS;XIRECS;10007.0;4
755500;BOT_TAKER;BOT_MAKER;EMERALDS;XIRECS;10008.0;2
760800;BOT_TAKER;SUBMISSION;TOMATOES;XIRECS;4914.0;3
763300;BOT_TAKER;SUBMISSION;TOMATOES;XIRECS;4915.0;4
763900;SUBMISSION;BOT_TAKER;TOMATOES;XIRECS;4904.0;4
764000;SUBMISSION;BOT;EMERALDS;XIRECS;10000.0;10
764700;BOT;SUBMISSION;EMERALDS;XIRECS;10000.0;10
764700;SUBMISSION;BOT_TAKER;TOMATOES;XIRECS;4903.0;4
766500;SUBMISSION;BOT_TAKER;TOMATOES;XIRECS;4902.0;3
767800;BOT;SUBMISSION;TOMATOES;XIRECS;4907.0;12
768100;SUBMISSION;BOT_TAKER;TOMATOES;XIRECS;4902.0;3
768300;BOT_TAKER;SUBMISSION;TOMATOES;XIRECS;4913.0;4
770000;SUBMISSION;BOT_TAKER;EMERALDS;XIRECS;10000.0;7
770100;BOT_TAKER;SUBMISSION;TOMATOES;XIRECS;4917.0;2
770700;SUBMISSION;BOT;TOMATOES;XIRECS;4909.0;8
772100;BOT;SUBMISSION;EMERALDS;XIRECS;10000.0;6
772100;BOT_TAKER;BOT_MAKER;TOMATOES;XIRECS;4916.0;3
772200;SUBMISSION;BOT_TAKER;EMERALDS;XIRECS;10000.0;3
778400;BOT;SUBMISSION;EMERALDS;XIRECS;10000.0;4
778500;SUBMISSION;BOT_TAKER;EMERALDS;XIRECS;10000.0;4
778700;SUBMISSION;BOT;EMERALDS;XIRECS;10000.0;6
780800;SUBMISSION;BOT_TAKER;TOMATOES;XIRECS;4908.0;2
781300;SUBMISSION;BOT_TAKER;TOMATOES;XIRECS;4909.0;5
782200;BOT_TAKER;SUBMISSION;TOMATOES;XIRECS;4919.0;5
784100;SUBMISSION;BOT_TAKER;TOMATOES;XIRECS;4909.0;3
784800;SUBMISSION;BOT;EMERALDS;XIRECS;10000.0;8
790100;SUBMISSION;BOT;EMERALDS;XIRECS;10000.0;6
790900;SUBMISSION;BOT_TAKER;TOMATOES;XIRECS;4907.0;3
791100;BOT_TAKER;SUBMISSION;TOMATOES;XIRECS;4919.0;3
791200;BOT;SUBMISSION;TOMATOES;XIRECS;4915.0;6
791500;BOT_TAKER;SUBMISSION;TOMATOES;XIRECS;4920.0;2
792500;BOT_TAKER;BOT_MAKER;TOMATOES;XIRECS;4920.0;4
792800;BOT;SUBMISSION;EMERALDS;XIRECS;10000.0;6
793500;SUBMISSION;BOT_TAKER;TOMATOES;XIRECS;4908.0;4
794000;BOT_TAKER;SUBMISSION;TOMATOES;XIRECS;4917.0;4
794100;SUBMISSION;BOT_TAKER;EMERALDS;XIRECS;9993.0;6
795200;BOT_TAKER;SUBMISSION;EMERALDS;XIRECS;10007.0;7
796800;BOT_TAKER;SUBMISSION;TOMATOES;XIRECS;4917.0;4
798800;BOT_TAKER;BOT_MAKER;TOMATOES;XIRECS;4914.0;4
799000;BOT;SUBMISSION;EMERALDS;XIRECS;10000.0;5
800300;SUBMISSION;BOT;TOMATOES;XIRECS;4908.0;6
801500;BOT_TAKER;SUBMISSION;TOMATOES;XIRECS;4912.0;5
801800;SUBMISSION;BOT_TAKER;TOMATOES;XIRECS;4900.0;3
804000;BOT_TAKER;SUBMISSION;EMERALDS;XIRECS;10007.0;3
806400;SUBMISSION;BOT;EMERALDS;XIRECS;10000.0;5
806600;SUBMISSION;BOT;TOMATOES;XIRECS;4906.0;2
807200;SUBMISSION;BOT_TAKER;TOMATOES;XIRECS;4902.0;4
807400;SUBMISSION;BOT_TAKER;TOMATOES;XIRECS;4901.0;2
808500;BOT_TAKER;SUBMISSION;TOMATOES;XIRECS;4913.0;3
808700;BOT_TAKER;SUBMISSION;TOMATOES;XIRECS;4913.0;5
810300;BOT_TAKER;SUBMISSION;TOMATOES;XIRECS;4913.0;2
811700;BOT_TAKER;BOT_MAKER;TOMATOES;XIRECS;4913.0;4
813300;BOT;SUBMISSION;EMERALDS;XIRECS;10000.0;6
813300;SUBMISSION;BOT;TOMATOES;XIRECS;4902.0;5
813700;BOT_TAKER;SUBMISSION;TOMATOES;XIRECS;4910.0;5
813800;SUBMISSION;BOT_TAKER;TOMATOES;XIRECS;4899.0;5
817100;SUBMISSION;BOT;TOMATOES;XIRECS;4903.0;6
817300;BOT_TAKER;SUBMISSION;TOMATOES;XIRECS;4910.0;2
817500;SUBMISSION;BOT_TAKER;TOMATOES;XIRECS;4899.0;3
819300;SUBMISSION;BOT;EMERALDS;XIRECS;10000.0;7
819400;BOT_TAKER;SUBMISSION;EMERALDS;XIRECS;10007.0;3
822100;SUBMISSION;BOT;EMERALDS;XIRECS;10000.0;5
823300;BOT_MAKER;BOT_TAKER;TOMATOES;XIRECS;4898.0;2
823800;BOT_TAKER;SUBMISSION;EMERALDS;XIRECS;10007.0;8
824900;BOT_MAKER;BOT_TAKER;TOMATOES;XIRECS;4899.0;4
825200;BOT_MAKER;BOT_TAKER;TOMATOES;XIRECS;4900.0;2
825700;SUBMISSION;BOT;EMERALDS;XIRECS;10000.0;9
825900;BOT;SUBMISSION;EMERALDS;XIRECS;10000.0;10
827500;SUBMISSION;BOT;EMERALDS;XIRECS;10000.0;7
828100;SUBMISSION;BOT;EMERALDS;XIRECS;10000.0;8
828500;SUBMISSION;BOT;EMERALDS;XIRECS;10000.0;9
830300;BOT_TAKER;SUBMISSION;TOMATOES;XIRECS;4910.0;2
831200;BOT;SUBMISSION;EMERALDS;XIRECS;10000.0;9
831800;BOT;SUBMISSION;EMERALDS;XIRECS;10000.0;9
831900;BOT_TAKER;SUBMISSION;TOMATOES;XIRECS;4912.0;4
833100;BOT_TAKER;SUBMISSION;EMERALDS;XIRECS;10007.0;8
833300;SUBMISSION;BOT;EMERALDS;XIRECS;10000.0;6
835800;SUBMISSION;BOT_TAKER;TOMATOES;XIRECS;4904.0;4
836200;SUBMISSION;BOT;EMERALDS;XIRECS;10000.0;5
837000;SUBMISSION;BOT_TAKER;TOMATOES;XIRECS;4901.0;3
837200;BOT_MAKER;BOT_TAKER;TOMATOES;XIRECS;4900.0;3
838200;SUBMISSION;BOT_TAKER;EMERALDS;XIRECS;9993.0;7
838300;BOT_MAKER;BOT_TAKER;TOMATOES;XIRECS;4900.0;4
839400;BOT;SUBMISSION;TOMATOES;XIRECS;4907.0;10
839700;SUBMISSION;BOT;EMERALDS;XIRECS;10000.0;9
839800;SUBMISSION;BOT;EMERALDS;XIRECS;10000.0;9
839800;SUBMISSION;BOT_TAKER;TOMATOES;XIRECS;4899.0;5
840000;SUBMISSION;BOT;EMERALDS;XIRECS;10000.0;6
840600;BOT_MAKER;BOT_TAKER;TOMATOES;XIRECS;4900.0;3
841300;BOT;SUBMISSION;EMERALDS;XIRECS;10000.0;9
842200;BOT_TAKER;SUBMISSION;EMERALDS;XIRECS;10007.0;7
843700;BOT;SUBMISSION;TOMATOES;XIRECS;4908.0;6
843700;SUBMISSION;BOT_TAKER;EMERALDS;XIRECS;9993.0;6
844800;SUBMISSION;BOT;EMERALDS;XIRECS;10000.0;7
844800;SUBMISSION;BOT_TAKER;TOMATOES;XIRECS;4905.0;3
845300;SUBMISSION;BOT;EMERALDS;XIRECS;10000.0;9
845500;SUBMISSION;BOT;EMERALDS;XIRECS;10000.0;6
845500;SUBMISSION;BOT_TAKER;EMERALDS;XIRECS;9993.0;5
846100;SUBMISSION;BOT;EMERALDS;XIRECS;10000.0;8
846700;BOT;SUBMISSION;EMERALDS;XIRECS;10000.0;9
848600;BOT_TAKER;SUBMISSION;TOMATOES;XIRECS;4912.0;2
851800;SUBMISSION;BOT_TAKER;TOMATOES;XIRECS;4904.0;4
852300;BOT;SUBMISSION;TOMATOES;XIRECS;4912.0;9
853000;BOT;SUBMISSION;EMERALDS;XIRECS;10000.0;6
853100;BOT;SUBMISSION;EMERALDS;XIRECS;10000.0;10
853800;SUBMISSION;BOT_TAKER;TOMATOES;XIRECS;4906.0;2
854600;SUBMISSION;BOT;TOMATOES;XIRECS;4912.0;5
857800;BOT;SUBMISSION;EMERALDS;XIRECS;10000.0;10
858400;SUBMISSION;BOT_TAKER;TOMATOES;XIRECS;4908.0;2
861100;BOT_TAKER;BOT_MAKER;TOMATOES;XIRECS;4915.0;3
861500;SUBMISSION;BOT_TAKER;TOMATOES;XIRECS;4903.0;4
861800;BOT;SUBMISSION;EMERALDS;XIRECS;10000.0;8
862200;BOT_MAKER;BOT_TAKER;TOMATOES;XIRECS;4900.0;5
862800;BOT_MAKER;BOT_TAKER;TOMATOES;XIRECS;4901.0;4
864900;SUBMISSION;BOT_TAKER;TOMATOES;XIRECS;4896.0;5
865000;BOT_TAKER;SUBMISSION;TOMATOES;XIRECS;4907.0;5
866100;BOT_TAKER;SUBMISSION;TOMATOES;XIRECS;4907.0;2
866200;SUBMISSION;BOT;EMERALDS;XIRECS;10000.0;6
866800;SUBMISSION;BOT;EMERALDS;XIRECS;10000.0;6
867300;BOT_TAKER;SUBMISSION;TOMATOES;XIRECS;4905.0;4
870900;SUBMISSION;BOT_TAKER;TOMATOES;XIRECS;4897.0;3
871800;BOT;SUBMISSION;EMERALDS;XIRECS;10000.0;7
872300;SUBMISSION;BOT_TAKER;TOMATOES;XIRECS;4896.0;2
872800;SUBMISSION;BOT_TAKER;EMERALDS;XIRECS;9993.0;8
875500;SUBMISSION;BOT_TAKER;EMERALDS;XIRECS;9993.0;5
877100;BOT;SUBMISSION;TOMATOES;XIRECS;4897.0;10
878100;SUBMISSION;BOT;TOMATOES;XIRECS;4895.0;5
878300;SUBMISSION;BOT_TAKER;EMERALDS;XIRECS;9993.0;7
879600;SUBMISSION;BOT_TAKER;EMERALDS;XIRECS;9993.0;6
882200;SUBMISSION;BOT_TAKER;TOMATOES;XIRECS;4889.0;3
883300;BOT;SUBMISSION;EMERALDS;XIRECS;10000.0;10
884700;BOT_TAKER;SUBMISSION;TOMATOES;XIRECS;4901.0;4
887300;BOT_TAKER;SUBMISSION;TOMATOES;XIRECS;4901.0;2
887500;BOT_TAKER;SUBMISSION;EMERALDS;XIRECS;10007.0;4
888400;SUBMISSION;BOT_TAKER;TOMATOES;XIRECS;4890.0;4
888700;SUBMISSION;BOT;TOMATOES;XIRECS;4891.0;11
890300;BOT;SUBMISSION;TOMATOES;XIRECS;4888.0;5
891000;BOT_TAKER;SUBMISSION;TOMATOES;XIRECS;4894.0;3
891400;BOT_TAKER;SUBMISSION;TOMATOES;XIRECS;4895.0;2
893900;BOT_TAKER;SUBMISSION;EMERALDS;XIRECS;10007.0;8
894100;BOT_TAKER;SUBMISSION;TOMATOES;XIRECS;4895.0;5
895000;SUBMISSION;BOT;TOMATOES;XIRECS;4888.0;4
896900;SUBMISSION;BOT;EMERALDS;XIRECS;10000.0;10
897800;BOT_TAKER;SUBMISSION;EMERALDS;XIRECS;10007.0;4
897900;BOT_MAKER;BOT_TAKER;TOMATOES;XIRECS;4885.0;2
898100;SUBMISSION;BOT;EMERALDS;XIRECS;10000.0;5
902300;BOT;SUBMISSION;EMERALDS;XIRECS;10000.0;7
903300;BOT_TAKER;BOT_MAKER;TOMATOES;XIRECS;4894.0;4
906300;BOT;SUBMISSION;EMERALDS;XIRECS;10000.0;6
906800;BOT;SUBMISSION;EMERALDS;XIRECS;10000.0;8
907600;SUBMISSION;BOT_TAKER;TOMATOES;XIRECS;4891.0;4
908500;SUBMISSION;BOT_TAKER;TOMATOES;XIRECS;4891.0;4
908700;SUBMISSION;BOT;EMERALDS;XIRECS;10000.0;10
910100;BOT;SUBMISSION;TOMATOES;XIRECS;4894.0;2
912600;BOT_MAKER;BOT_TAKER;TOMATOES;XIRECS;4888.0;5
913700;SUBMISSION;BOT;EMERALDS;XIRECS;10000.0;7
914600;BOT;SUBMISSION;TOMATOES;XIRECS;4898.0;2
915200;SUBMISSION;BOT_TAKER;TOMATOES;XIRECS;4893.0;5
916500;BOT_MAKER;BOT_TAKER;TOMATOES;XIRECS;4892.0;2
916600;SUBMISSION;BOT;EMERALDS;XIRECS;10000.0;5
917000;BOT;SUBMISSION;TOMATOES;XIRECS;4896.0;2
917000;BOT_MAKER;BOT_TAKER;TOMATOES;XIRECS;4890.0;4
919700;SUBMISSION;BOT;EMERALDS;XIRECS;10000.0;9
921000;SUBMISSION;BOT;EMERALDS;XIRECS;10000.0;9
921600;BOT_TAKER;SUBMISSION;TOMATOES;XIRECS;4898.0;5
922000;BOT;SUBMISSION;EMERALDS;XIRECS;10000.0;5
922300;SUBMISSION;BOT;EMERALDS;XIRECS;10000.0;8
923200;BOT_TAKER;SUBMISSION;TOMATOES;XIRECS;4900.0;3
924100;SUBMISSION;BOT;EMERALDS;XIRECS;10000.0;6
925000;BOT_TAKER;SUBMISSION;EMERALDS;XIRECS;10007.0;5
925200;SUBMISSION;BOT_TAKER;EMERALDS;XIRECS;9993.0;5
926200;SUBMISSION;BOT_TAKER;EMERALDS;XIRECS;9993.0;8
927000;BOT;SUBMISSION;EMERALDS;XIRECS;10000.0;6
928200;SUBMISSION;BOT_TAKER;TOMATOES;XIRECS;4887.0;4
928600;SUBMISSION;BOT_TAKER;EMERALDS;XIRECS;9993.0;7
930300;BOT_TAKER;SUBMISSION;EMERALDS;XIRECS;10007.0;7
930700;SUBMISSION;BOT;EMERALDS;XIRECS;10000.0;10
931600;SUBMISSION;BOT_TAKER;EMERALDS;XIRECS;9993.0;4
932300;BOT_TAKER;SUBMISSION;EMERALDS;XIRECS;10007.0;6
932400;SUBMISSION;BOT_TAKER;TOMATOES;XIRECS;4889.0;5
933400;BOT;SUBMISSION;EMERALDS;XIRECS;10000.0;5
933400;BOT_TAKER;SUBMISSION;TOMATOES;XIRECS;4902.0;4
933700;BOT;SUBMISSION;TOMATOES;XIRECS;4899.0;5
934800;SUBMISSION;BOT_TAKER;EMERALDS;XIRECS;9993.0;7
934900;BOT;SUBMISSION;EMERALDS;XIRECS;10000.0;10
935800;BOT;SUBMISSION;EMERALDS;XIRECS;10000.0;6
937300;SUBMISSION;BOT;EMERALDS;XIRECS;10000.0;9
938000;SUBMISSION;BOT;EMERALDS;XIRECS;10000.0;5
938900;BOT;SUBMISSION;EMERALDS;XIRECS;10000.0;8
939200;BOT_TAKER;SUBMISSION;EMERALDS;XIRECS;10007.0;7
939800;BOT_TAKER;BOT_MAKER;TOMATOES;XIRECS;4904.0;5
942400;SUBMISSION;BOT_TAKER;EMERALDS;XIRECS;9993.0;5
943600;SUBMISSION;BOT_TAKER;TOMATOES;XIRECS;4899.0;4
944200;BOT;SUBMISSION;EMERALDS;XIRECS;10000.0;5
946100;SUBMISSION;BOT_TAKER;EMERALDS;XIRECS;9993.0;7
950000;BOT;SUBMISSION;EMERALDS;XIRECS;10000.0;6
952400;BOT_TAKER;SUBMISSION;EMERALDS;XIRECS;10007.0;5
952600;SUBMISSION;BOT_TAKER;EMERALDS;XIRECS;9993.0;3
955800;SUBMISSION;BOT_TAKER;EMERALDS;XIRECS;9993.0;7
956000;BOT;SUBMISSION;EMERALDS;XIRECS;10000.0;10
958000;SUBMISSION;BOT_TAKER;TOMATOES;XIRECS;4885.0;2
959300;BOT;SUBMISSION;TOMATOES;XIRECS;4890.0;5
961500;BOT_TAKER;SUBMISSION;EMERALDS;XIRECS;10007.0;6
963900;SUBMISSION;BOT_TAKER;EMERALDS;XIRECS;9993.0;6
965200;SUBMISSION;BOT;EMERALDS;XIRECS;10000.0;9
965800;SUBMISSION;BOT_TAKER;EMERALDS;XIRECS;9993.0;4
967200;BOT_TAKER;SUBMISSION;TOMATOES;XIRECS;4896.0;2
967300;BOT_TAKER;SUBMISSION;TOMATOES;XIRECS;4897.0;4
967700;SUBMISSION;BOT;EMERALDS;XIRECS;10000.0;5
967800;SUBMISSION;BOT;TOMATOES;XIRECS;4891.0;4
968300;SUBMISSION;BOT_TAKER;EMERALDS;XIRECS;9993.0;7
968800;SUBMISSION;BOT_TAKER;TOMATOES;XIRECS;4886.0;4
969900;SUBMISSION;BOT;EMERALDS;XIRECS;10000.0;5
970400;BOT_MAKER;BOT_TAKER;TOMATOES;XIRECS;4893.0;3
972500;BOT_TAKER;SUBMISSION;TOMATOES;XIRECS;4902.0;4
973400;SUBMISSION;BOT;TOMATOES;XIRECS;4896.0;10
974800;BOT_TAKER;SUBMISSION;EMERALDS;XIRECS;10007.0;7
975600;BOT;SUBMISSION;EMERALDS;XIRECS;10000.0;8
976500;SUBMISSION;BOT;EMERALDS;XIRECS;10000.0;9
977000;SUBMISSION;BOT;EMERALDS;XIRECS;10000.0;9
977400;BOT;SUBMISSION;TOMATOES;XIRECS;4903.0;6
980200;BOT_TAKER;SUBMISSION;TOMATOES;XIRECS;4907.0;5
981400;BOT_TAKER;SUBMISSION;TOMATOES;XIRECS;4908.0;3
982000;SUBMISSION;BOT;TOMATOES;XIRECS;4901.0;5
983000;BOT;SUBMISSION;EMERALDS;XIRECS;10000.0;10
984200;SUBMISSION;BOT_TAKER;EMERALDS;XIRECS;9993.0;5
985100;SUBMISSION;BOT_TAKER;EMERALDS;XIRECS;9993.0;8
986200;BOT_TAKER;SUBMISSION;EMERALDS;XIRECS;10007.0;8
987100;SUBMISSION;BOT_TAKER;TOMATOES;XIRECS;4892.0;5
988200;BOT;SUBMISSION;EMERALDS;XIRECS;10000.0;7
988200;BOT;SUBMISSION;TOMATOES;XIRECS;4900.0;5
988600;BOT;SUBMISSION;EMERALDS;XIRECS;10000.0;8
989100;SUBMISSION;BOT_TAKER;EMERALDS;XIRECS;9993.0;8
989400;SUBMISSION;BOT_TAKER;EMERALDS;XIRECS;9993.0;7
989600;BOT_TAKER;SUBMISSION;EMERALDS;XIRECS;10007.0;3
991300;SUBMISSION;BOT_TAKER;TOMATOES;XIRECS;4900.0;2
992200;BOT;SUBMISSION;EMERALDS;XIRECS;10000.0;10
992300;BOT_TAKER;SUBMISSION;TOMATOES;XIRECS;4914.0;3
992800;SUBMISSION;BOT_TAKER;TOMATOES;XIRECS;4902.0;3
992900;BOT_TAKER;SUBMISSION;TOMATOES;XIRECS;4913.0;2
993600;BOT_TAKER;SUBMISSION;EMERALDS;XIRECS;10007.0;8
994500;SUBMISSION;BOT_TAKER;TOMATOES;XIRECS;4902.0;3
994900;SUBMISSION;BOT_TAKER;TOMATOES;XIRECS;4902.0;4
997200;BOT;SUBMISSION;TOMATOES;XIRECS;4909.0;9
997600;BOT_TAKER;SUBMISSION;EMERALDS;XIRECS;10007.0;8
997800;SUBMISSION;BOT;EMERALDS;XIRECS;10000.0;6
998600;SUBMISSION;BOT_TAKER;TOMATOES;XIRECS;4902.0;2
