timestamp;buyer;seller;symbol;currency;price;quantity
200;BOT_TAKER;SUBMISSION;TOMATOES;XIRECS;5005.0;4
500;BOT_MAKER;BOT_TAKER;TOMATOES;XIRECS;5001.0;4
600;SUBMISSION;BOT;TOMATOES;XIRECS;4997.0;10
1900;BOT;SUBMISSION;TOMATOES;XIRECS;5003.0;5
2500;SUBMISSION;BOT_TAKER;EMERALDS;XIRECS;9993.0;5
5800;SUBMISSION;BOT_TAKER;EMERALDS;XIRECS;9993.0;5
5900;BOT_TAKER;SUBMISSION;EMERALDS;XIRECS;10007.0;3
8400;BOT;SUBMISSION;EMERALDS;XIRECS;10000.0;9
9300;SUBMISSION;BOT;EMERALDS;XIRECS;10000.0;6
9700;SUBMISSION;BOT_TAKER;TOMATOES;XIRECS;4996.0;4
10700;BOT_MAKER;BOT_TAKER;TOMATOES;XIRECS;4997.0;3
10900;BOT_TAKER;SUBMISSION;TOMATOES;XIRECS;5010.0;2
11100;BOT_MAKER;BOT_TAKER;TOMATOES;XIRECS;4998.0;5
15000;SUBMISSION;BOT_TAKER;EMERALDS;XIRECS;9993.0;6
16300;BOT_TAKER;SUBMISSION;EMERALDS;XIRECS;10007.0;8
16800;BOT_TAKER;SUBMISSION;TOMATOES;XIRECS;5010.0;4
16900;SUBMISSION;BOT_TAKER;TOMATOES;XIRECS;4999.0;5
18800;BOT;SUBMISSION;EMERALDS;XIRECS;10000.0;5
19500;BOT;SUBMISSION;EMERALDS;XIRECS;10000.0;6
19700;BOT;SUBMISSION;EMERALDS;XIRECS;10000.0;8
19900;BOT;SUBMISSION;EMERALDS;XIRECS;10000.0;6
19900;BOT_MAKER;BOT_TAKER;TOMATOES;XIRECS;5003.0;4
20200;SUBMISSION;BOT_TAKER;EMERALDS;XIRECS;9993.0;4
20500;SUBMISSION;BOT;EMERALDS;XIRECS;10000.0;10
20900;SUBMISSION;BOT_TAKER;EMERALDS;XIRECS;9993.0;4
21500;BOT_TAKER;SUBMISSION;TOMATOES;XIRECS;5018.0;3
21900;BOT;SUBMISSION;EMERALDS;XIRECS;10000.0;8
22700;SUBMISSION;BOT_TAKER;EMERALDS;XIRECS;9993.0;7
25800;BOT;SUBMISSION;EMERALDS;XIRECS;10000.0;5
28100;BOT_TAKER;SUBMISSION;TOMATOES;XIRECS;5021.0;2
28500;BOT_TAKER;SUBMISSION;EMERALDS;XIRECS;10007.0;5
29200;SUBMISSION;BOT_TAKER;TOMATOES;XIRECS;5012.0;2
32000;BOT;SUBMISSION;EMERALDS;XIRECS;10000.0;6
32500;BOT_TAKER;SUBMISSION;TOMATOES;XIRECS;5018.0;2
32700;SUBMISSION;BOT;EMERALDS;XIRECS;10000.0;5
33700;BOT_TAKER;SUBMISSION;TOMATOES;XIRECS;5015.0;3
35600;BOT_TAKER;BOT_MAKER;TOMATOES;XIRECS;5014.0;2
35700;BOT_TAKER;SUBMISSION;EMERALDS;XIRECS;10007.0;3
35900;BOT;SUBMISSION;EMERALDS;XIRECS;10000.0;5
37200;BOT_TAKER;SUBMISSION;EMERALDS;XIRECS;10007.0;3
39200;SUBMISSION;BOT_TAKER;EMERALDS;XIRECS;9993.0;6
39900;BOT_TAKER;SUBMISSION;EMERALDS;XIRECS;10007.0;3
40400;SUBMISSION;BOT_TAKER;EMERALDS;XIRECS;9993.0;4
40900;BOT;SUBMISSION;EMERALDS;XIRECS;10000.0;9
43100;SUBMISSION;BOT;TOMATOES;XIRECS;5009.0;4
43400;SUBMISSION;BOT;EMERALDS;XIRECS;10000.0;10
43400;BOT_TAKER;SUBMISSION;TOMATOES;XIRECS;5012.0;3
43700;BOT_TAKER;SUBMISSION;TOMATOES;XIRECS;5012.0;4
44900;BOT_TAKER;BOT_MAKER;TOMATOES;XIRECS;5013.0;3
45000;SUBMISSION;BOT;EMERALDS;XIRECS;10000.0;9
45000;SUBMISSION;BOT_TAKER;TOMATOES;XIRECS;5002.0;3
45300;SUBMISSION;BOT_TAKER;TOMATOES;XIRECS;5002.0;5
46600;SUBMISSION;BOT;EMERALDS;XIRECS;10000.0;8
46800;BOT;SUBMISSION;EMERALDS;XIRECS;10000.0;8
47400;BOT_TAKER;SUBMISSION;TOMATOES;XIRECS;5014.0;4
48900;SUBMISSION;BOT;TOMATOES;XIRECS;5008.0;3
48900;BOT_TAKER;BOT_MAKER;TOMATOES;XIRECS;5014.0;5
49400;BOT_TAKER;SUBMISSION;TOMATOES;XIRECS;5013.0;2
49700;SUBMISSION;BOT_TAKER;TOMATOES;XIRECS;5003.0;4
49800;SUBMISSION;BOT_TAKER;TOMATOES;XIRECS;5003.0;4
52600;SUBMISSION;BOT_TAKER;EMERALDS;XIRECS;9993.0;6
52800;BOT_TAKER;SUBMISSION;TOMATOES;XIRECS;5016.0;5
53300;SUBMISSION;BOT;EMERALDS;XIRECS;10000.0;9
54700;SUBMISSION;BOT;EMERALDS;XIRECS;10000.0;8
55200;SUBMISSION;BOT_TAKER;TOMATOES;XIRECS;5005.0;3
56500;BOT;SUBMISSION;EMERALDS;XIRECS;10000.0;10
56900;SUBMISSION;BOT_TAKER;EMERALDS;XIRECS;9993.0;4
57700;BOT_TAKER;SUBMISSION;TOMATOES;XIRECS;5017.0;5
59300;SUBMISSION;BOT;EMERALDS;XIRECS;10000.0;7
60800;SUBMISSION;BOT;EMERALDS;XIRECS;10000.0;10
62600;BOT_TAKER;SUBMISSION;TOMATOES;XIRECS;5016.0;5
62900;SUBMISSION;BOT;EMERALDS;XIRECS;10000.0;6
63100;SUBMISSION;BOT_TAKER;EMERALDS;XIRECS;9993.0;6
63500;SUBMISSION;BOT_TAKER;EMERALDS;XIRECS;9993.0;5
63900;SUBMISSION;BOT_TAKER;EMERALDS;XIRECS;9993.0;5
66000;SUBMISSION;BOT;TOMATOES;XIRECS;5010.0;8
66000;BOT_TAKER;SUBMISSION;EMERALDS;XIRECS;10007.0;6
68200;BOT;SUBMISSION;EMERALDS;XIRECS;10000.0;5
68200;BOT_TAKER;SUBMISSION;EMERALDS;XIRECS;10007.0;3
68700;SUBMISSION;BOT;EMERALDS;XIRECS;10000.0;8
68900;BOT_TAKER;SUBMISSION;EMERALDS;XIRECS;10007.0;3
69200;SUBMISSION;BOT_TAKER;TOMATOES;XIRECS;5005.0;3
70500;SUBMISSION;BOT_TAKER;EMERALDS;XIRECS;9993.0;6
71900;BOT_TAKER;SUBMISSION;EMERALDS;XIRECS;10007.0;6
75000;BOT_TAKER;SUBMISSION;TOMATOES;XIRECS;5015.0;2
75200;BOT;SUBMISSION;EMERALDS;XIRECS;10000.0;8
75400;SUBMISSION;BOT_TAKER;TOMATOES;XIRECS;5005.0;3
77600;BOT_TAKER;SUBMISSION;TOMATOES;XIRECS;5016.0;4
77800;BOT_TAKER;SUBMISSION;EMERALDS;XIRECS;10007.0;5
78400;SUBMISSION;BOT;EMERALDS;XIRECS;10000.0;7
79000;SUBMISSION;BOT_TAKER;TOMATOES;XIRECS;5006.0;5
80300;SUBMISSION;BOT;EMERALDS;XIRECS;10000.0;6
80700;SUBMISSION;BOT_TAKER;TOMATOES;XIRECS;5004.0;2
81000;BOT_TAKER;SUBMISSION;TOMATOES;XIRECS;5017.0;3
81300;BOT;SUBMISSION;TOMATOES;XIRECS;5011.0;5
83700;SUBMISSION;BOT_TAKER;TOMATOES;XIRECS;5006.0;4
84000;BOT_TAKER;SUBMISSION;TOMATOES;XIRECS;5017.0;3
84600;BOT_TAKER;SUBMISSION;EMERALDS;XIRECS;10007.0;3
84900;SUBMISSION;BOT_TAKER;TOMATOES;XIRECS;5003.0;5
85200;SUBMISSION;BOT_TAKER;EMERALDS;XIRECS;9993.0;5
85300;BOT;SUBMISSION;TOMATOES;XIRECS;5009.0;8
86900;SUBMISSION;BOT;EMERALDS;XIRECS;10000.0;9
87600;SUBMISSION;BOT_TAKER;TOMATOES;XIRECS;5006.0;5
88800;BOT;SUBMISSION;TOMATOES;XIRECS;5012.0;4
89900;BOT;SUBMISSION;EMERALDS;XIRECS;10000.0;10
90800;SUBMISSION;BOT_TAKER;TOMATOES;XIRECS;5001.0;2
90900;BOT_TAKER;SUBMISSION;EMERALDS;XIRECS;10007.0;6
91500;SUBMISSION;BOT_TAKER;TOMATOES;XIRECS;5001.0;2
91600;BOT;SUBMISSION;EMERALDS;XIRECS;10000.0;5
92100;BOT_TAKER;SUBMISSION;EMERALDS;XIRECS;10007.0;3
93900;BOT_TAKER;SUBMISSION;TOMATOES;XIRECS;5010.0;4
94500;SUBMISSION;BOT;EMERALDS;XIRECS;10000.0;10
95800;BOT;SUBMISSION;EMERALDS;XIRECS;10000.0;9
98600;SUBMISSION;BOT_TAKER;TOMATOES;XIRECS;5002.0;4
100200;SUBMISSION;BOT;EMERALDS;XIRECS;10000.0;7
100600;BOT_TAKER;SUBMISSION;TOMATOES;XIRECS;5010.0;5
102600;SUBMISSION;BOT_TAKER;TOMATOES;XIRECS;4998.0;2
104400;BOT;SUBMISSION;EMERALDS;XIRECS;10000.0;10
106500;SUBMISSION;BOT_TAKER;EMERALDS;XIRECS;9993.0;8
106800;SUBMISSION;BOT_TAKER;EMERALDS;XIRECS;9993.0;5
106900;BOT_TAKER;SUBMISSION;TOMATOES;XIRECS;5006.0;6
108100;BOT_TAKER;SUBMISSION;EMERALDS;XIRECS;10007.0;8
109000;BOT;SUBMISSION;EMERALDS;XIRECS;10000.0;5
109200;SUBMISSION;BOT;TOMATOES;XIRECS;4997.0;3
110800;BOT_TAKER;SUBMISSION;EMERALDS;XIRECS;10007.0;3
112200;BOT_TAKER;SUBMISSION;TOMATOES;XIRECS;5003.0;4
112600;SUBMISSION;BOT;EMERALDS;XIRECS;10000.0;5
112600;BOT_TAKER;BOT_MAKER;TOMATOES;XIRECS;5005.0;3
113300;SUBMISSION;BOT;EMERALDS;XIRECS;10000.0;6
114000;SUBMISSION;BOT;EMERALDS;XIRECS;10000.0;7
115700;BOT_TAKER;BOT_MAKER;TOMATOES;XIRECS;5002.0;4
117600;SUBMISSION;BOT;TOMATOES;XIRECS;4994.0;3
118800;BOT;SUBMISSION;EMERALDS;XIRECS;10000.0;6
119100;SUBMISSION;BOT;EMERALDS;XIRECS;10000.0;9
119300;SUBMISSION;BOT_TAKER;TOMATOES;XIRECS;4986.0;3
119400;BOT;SUBMISSION;EMERALDS;XIRECS;10000.0;5
120500;BOT_TAKER;SUBMISSION;TOMATOES;XIRECS;5000.0;5
121500;SUBMISSION;BOT;EMERALDS;XIRECS;10000.0;6
122000;BOT;SUBMISSION;EMERALDS;XIRECS;10000.0;5
122400;SUBMISSION;BOT_TAKER;TOMATOES;XIRECS;4991.0;4
123900;SUBMISSION;BOT;EMERALDS;XIRECS;10000.0;8
126400;BOT_TAKER;SUBMISSION;EMERALDS;XIRECS;10007.0;8
126600;SUBMISSION;BOT_TAKER;EMERALDS;XIRECS;9993.0;3
127000;SUBMISSION;BOT;EMERALDS;XIRECS;10000.0;10
127900;SUBMISSION;BOT_TAKER;TOMATOES;XIRECS;4997.0;3
128900;SUBMISSION;BOT;EMERALDS;XIRECS;10000.0;6
129300;BOT;SUBMISSION;EMERALDS;XIRECS;10000.0;8
130100;SUBMISSION;BOT_TAKER;TOMATOES;XIRECS;4999.0;3
130200;BOT_MAKER;BOT_TAKER;TOMATOES;XIRECS;5000.0;2
130600;BOT_TAKER;SUBMISSION;TOMATOES;XIRECS;5013.0;2
133900;BOT;SUBMISSION;EMERALDS;XIRECS;10000.0;5
135000;SUBMISSION;BOT_TAKER;TOMATOES;XIRECS;5005.0;4
135400;BOT;SUBMISSION;TOMATOES;XIRECS;5009.0;3
136100;SUBMISSION;BOT_TAKER;EMERALDS;XIRECS;9993.0;4
136900;SUBMISSION;BOT_TAKER;EMERALDS;XIRECS;9993.0;6
137000;SUBMISSION;BOT;EMERALDS;XIRECS;10000.0;5
137100;BOT;SUBMISSION;EMERALDS;XIRECS;10000.0;5
138000;BOT;SUBMISSION;TOMATOES;XIRECS;5015.0;6
138100;BOT_TAKER;SUBMISSION;TOMATOES;XIRECS;5021.0;4
138600;SUBMISSION;BOT;EMERALDS;XIRECS;10000.0;9
140400;SUBMISSION;BOT_TAKER;TOMATOES;XIRECS;5009.0;4
142300;SUBMISSION;BOT;EMERALDS;XIRECS;10000.0;7
143900;SUBMISSION;BOT_TAKER;EMERALDS;XIRECS;9993.0;5
144000;BOT;SUBMISSION;EMERALDS;XIRECS;10000.0;7
144800;BOT_TAKER;SUBMISSION;TOMATOES;XIRECS;5020.0;5
144900;SUBMISSION;BOT_TAKER;TOMATOES;XIRECS;5008.0;3
145300;BOT_TAKER;BOT_MAKER;TOMATOES;XIRECS;5021.0;4
145400;SUBMISSION;BOT;TOMATOES;XIRECS;5012.0;11
146000;BOT_MAKER;BOT_TAKER;TOMATOES;XIRECS;5008.0;2
146100;BOT;SUBMISSION;EMERALDS;XIRECS;10000.0;5
147900;SUBMISSION;BOT;EMERALDS;XIRECS;10000.0;6
147900;BOT_MAKER;BOT_TAKER;TOMATOES;XIRECS;5005.0;5
148300;SUBMISSION;BOT;EMERALDS;XIRECS;10000.0;9
149100;SUBMISSION;BOT;EMERALDS;XIRECS;10000.0;5
149200;BOT;SUBMISSION;TOMATOES;XIRECS;5012.0;7
150800;BOT;SUBMISSION;EMERALDS;XIRECS;10000.0;5
151300;SUBMISSION;BOT_TAKER;TOMATOES;XIRECS;5007.0;2
151700;BOT_TAKER;SUBMISSION;TOMATOES;XIRECS;5017.0;2
152300;BOT_TAKER;SUBMISSION;TOMATOES;XIRECS;5020.0;2
152900;SUBMISSION;BOT;EMERALDS;XIRECS;10000.0;5
153000;BOT_TAKER;SUBMISSION;TOMATOES;XIRECS;5020.0;5
153700;SUBMISSION;BOT;TOMATOES;XIRECS;5014.0;6
156200;BOT;SUBMISSION;EMERALDS;XIRECS;10000.0;10
156700;BOT_TAKER;SUBMISSION;TOMATOES;XIRECS;5017.0;3
157000;SUBMISSION;BOT;TOMATOES;XIRECS;5011.0;10
158200;BOT_TAKER;SUBMISSION;TOMATOES;XIRECS;5017.0;3
158300;BOT_MAKER;BOT_TAKER;TOMATOES;XIRECS;5005.0;5
159300;BOT_MAKER;BOT_TAKER;TOMATOES;XIRECS;5006.0;3
165500;BOT_TAKER;SUBMISSION;TOMATOES;XIRECS;5018.0;2
167300;BOT_TAKER;SUBMISSION;TOMATOES;XIRECS;5020.0;2
168000;BOT_TAKER;SUBMISSION;TOMATOES;XIRECS;5020.0;3
168300;SUBMISSION;BOT;EMERALDS;XIRECS;10000.0;9
169700;BOT;SUBMISSION;EMERALDS;XIRECS;10000.0;6
171800;BOT_TAKER;SUBMISSION;TOMATOES;XIRECS;5021.0;2
175100;BOT_TAKER;BOT_MAKER;TOMATOES;XIRECS;5020.0;2
176500;SUBMISSION;BOT;EMERALDS;XIRECS;10000.0;7
177400;SUBMISSION;BOT;TOMATOES;XIRECS;5016.0;3
179100;SUBMISSION;BOT_TAKER;TOMATOES;XIRECS;5009.0;5
179800;SUBMISSION;BOT_TAKER;TOMATOES;XIRECS;5006.0;3
180700;BOT_TAKER;SUBMISSION;EMERALDS;XIRECS;10000.0;3
181200;BOT_TAKER;SUBMISSION;TOMATOES;XIRECS;5018.0;3
183700;BOT;SUBMISSION;EMERALDS;XIRECS;10000.0;9
184500;SUBMISSION;BOT_TAKER;TOMATOES;XIRECS;5010.0;4
184700;SUBMISSION;BOT_TAKER;TOMATOES;XIRECS;5008.0;4
185000;BOT;SUBMISSION;TOMATOES;XIRECS;5013.0;6
185500;BOT;SUBMISSION;EMERALDS;XIRECS;10000.0;10
191200;BOT_TAKER;SUBMISSION;TOMATOES;XIRECS;5019.0;3
194700;SUBMISSION;BOT_TAKER;TOMATOES;XIRECS;5009.0;3
194900;BOT;SUBMISSION;EMERALDS;XIRECS;10000.0;7
196200;SUBMISSION;BOT_TAKER;EMERALDS;XIRECS;9993.0;4
196800;SUBMISSION;BOT;EMERALDS;XIRECS;10000.0;6
197500;BOT_TAKER;SUBMISSION;TOMATOES;XIRECS;5020.0;5
197600;BOT_TAKER;SUBMISSION;TOMATOES;XIRECS;5020.0;5
197700;SUBMISSION;BOT_TAKER;EMERALDS;XIRECS;9993.0;8
198400;BOT_TAKER;BOT_MAKER;TOMATOES;XIRECS;5022.0;4
198500;BOT;SUBMISSION;EMERALDS;XIRECS;10000.0;5
199600;SUBMISSION;BOT_TAKER;TOMATOES;XIRECS;5010.0;3
201400;SUBMISSION;BOT;EMERALDS;XIRECS;10000.0;9
202100;SUBMISSION;BOT;TOMATOES;XIRECS;5016.0;2
202700;BOT_TAKER;SUBMISSION;TOMATOES;XIRECS;5022.0;5
202900;SUBMISSION;BOT_TAKER;EMERALDS;XIRECS;9993.0;6
203900;SUBMISSION;BOT_TAKER;EMERALDS;XIRECS;9993.0;1
203900;BOT_MAKER;BOT_TAKER;EMERALDS;XIRECS;9992.0;2
207100;SUBMISSION;BOT_TAKER;TOMATOES;XIRECS;5010.0;4
208200;SUBMISSION;BOT;TOMATOES;XIRECS;5014.0;10
208900;BOT_MAKER;BOT_TAKER;TOMATOES;XIRECS;5008.0;5
209500;BOT;SUBMISSION;TOMATOES;XIRECS;5015.0;7
210100;BOT_TAKER;SUBMISSION;TOMATOES;XIRECS;5021.0;3
210300;BOT_MAKER;BOT_TAKER;EMERALDS;XIRECS;9992.0;5
213100;BOT_MAKER;BOT_TAKER;EMERALDS;XIRECS;9992.0;7
215100;SUBMISSION;BOT_TAKER;TOMATOES;XIRECS;5014.0;2
215500;BOT;SUBMISSION;EMERALDS;XIRECS;10000.0;7
215700;BOT_TAKER;SUBMISSION;TOMATOES;XIRECS;5024.0;4
216200;BOT;SUBMISSION;EMERALDS;XIRECS;10000.0;10
217700;BOT;SUBMISSION;EMERALDS;XIRECS;10000.0;8
218100;BOT;SUBMISSION;EMERALDS;XIRECS;10000.0;7
219000;SUBMISSION;BOT;EMERALDS;XIRECS;10000.0;8
221200;SUBMISSION;BOT_TAKER;TOMATOES;XIRECS;5015.0;2
221500;BOT;SUBMISSION;EMERALDS;XIRECS;10000.0;10
221900;SUBMISSION;BOT_TAKER;EMERALDS;XIRECS;9993.0;7
222400;SUBMISSION;BOT_TAKER;EMERALDS;XIRECS;9993.0;4
224700;BOT_TAKER;SUBMISSION;TOMATOES;XIRECS;5026.0;3
225400;BOT_TAKER;SUBMISSION;EMERALDS;XIRECS;10007.0;3
225400;BOT_TAKER;BOT_MAKER;TOMATOES;XIRECS;5027.0;2
226500;SUBMISSION;BOT;TOMATOES;XIRECS;5022.0;11
226700;BOT_TAKER;SUBMISSION;TOMATOES;XIRECS;5028.0;3
227400;SUBMISSION;BOT_TAKER;TOMATOES;XIRECS;5016.0;4
228000;BOT_TAKER;SUBMISSION;EMERALDS;XIRECS;10007.0;3
229300;BOT;SUBMISSION;EMERALDS;XIRECS;10000.0;5
229300;BOT_MAKER;BOT_TAKER;TOMATOES;XIRECS;5015.0;2
231000;BOT_TAKER;SUBMISSION;TOMATOES;XIRECS;5026.0;2
231500;BOT_TAKER;SUBMISSION;EMERALDS;XIRECS;10007.0;6
232200;BOT_TAKER;SUBMISSION;TOMATOES;XIRECS;5027.0;2
234700;BOT_MAKER;BOT_TAKER;TOMATOES;XIRECS;5016.0;5
235500;BOT_TAKER;SUBMISSION;EMERALDS;XIRECS;10007.0;7
237000;BOT_TAKER;SUBMISSION;EMERALDS;XIRECS;10007.0;8
238900;BOT;SUBMISSION;EMERALDS;XIRECS;10000.0;7
239700;BOT;SUBMISSION;TOMATOES;XIRECS;5026.0;5
240300;BOT_TAKER;SUBMISSION;TOMATOES;XIRECS;5032.0;4
240400;BOT;SUBMISSION;EMERALDS;XIRECS;10000.0;9
240700;SUBMISSION;BOT_TAKER;TOMATOES;XIRECS;5021.0;2
241100;SUBMISSION;BOT;TOMATOES;XIRECS;5024.0;9
242500;SUBMISSION;BOT_TAKER;EMERALDS;XIRECS;9993.0;8
242600;BOT_TAKER;SUBMISSION;TOMATOES;XIRECS;5030.0;4
242800;SUBMISSION;BOT;EMERALDS;XIRECS;10000.0;5
247700;SUBMISSION;BOT;TOMATOES;XIRECS;5019.0;7
249600;SUBMISSION;BOT_TAKER;EMERALDS;XIRECS;9993.0;6
251600;SUBMISSION;BOT;EMERALDS;XIRECS;10000.0;7
252200;BOT;SUBMISSION;EMERALDS;XIRECS;10000.0;8
252800;SUBMISSION;BOT;EMERALDS;XIRECS;10000.0;9
252800;SUBMISSION;BOT_TAKER;EMERALDS;XIRECS;9993.0;6
253300;BOT;SUBMISSION;TOMATOES;XIRECS;5022.0;9
254200;SUBMISSION;BOT_TAKER;TOMATOES;XIRECS;5016.0;3
254300;BOT_TAKER;SUBMISSION;TOMATOES;XIRECS;5027.0;3
255900;SUBMISSION;BOT_TAKER;EMERALDS;XIRECS;9993.0;3
256600;SUBMISSION;BOT_TAKER;TOMATOES;XIRECS;5012.0;3
259800;BOT_TAKER;SUBMISSION;TOMATOES;XIRECS;5022.0;5
262500;SUBMISSION;BOT;EMERALDS;XIRECS;10000.0;6
264000;SUBMISSION;BOT_TAKER;TOMATOES;XIRECS;5006.0;4
264700;SUBMISSION;BOT;EMERALDS;XIRECS;10000.0;6
264900;SUBMISSION;BOT_TAKER;TOMATOES;XIRECS;5003.0;5
265100;BOT_TAKER;SUBMISSION;TOMATOES;XIRECS;5013.0;3
267000;SUBMISSION;BOT_TAKER;EMERALDS;XIRECS;9993.0;5
267500;BOT_TAKER;SUBMISSION;TOMATOES;XIRECS;5012.0;4
269000;BOT;SUBMISSION;EMERALDS;XIRECS;10000.0;6
269300;SUBMISSION;BOT_TAKER;TOMATOES;XIRECS;4999.0;2
269700;SUBMISSION;BOT;EMERALDS;XIRECS;10000.0;10
270500;SUBMISSION;BOT;EMERALDS;XIRECS;10000.0;6
272300;SUBMISSION;BOT_TAKER;EMERALDS;XIRECS;9993.0;8
273100;SUBMISSION;BOT_TAKER;TOMATOES;XIRECS;4990.0;2
274600;BOT;SUBMISSION;EMERALDS;XIRECS;10000.0;10
274700;BOT_TAKER;SUBMISSION;EMERALDS;XIRECS;10000.0;3
275400;SUBMISSION;BOT_TAKER;EMERALDS;XIRECS;9993.0;7
275700;BOT_TAKER;SUBMISSION;TOMATOES;XIRECS;5001.0;4
276800;BOT;SUBMISSION;EMERALDS;XIRECS;10000.0;9
278000;SUBMISSION;BOT_TAKER;TOMATOES;XIRECS;4994.0;4
278700;SUBMISSION;BOT_TAKER;TOMATOES;XIRECS;4994.0;3
279400;SUBMISSION;BOT_TAKER;TOMATOES;XIRECS;4992.0;2
279600;BOT;SUBMISSION;TOMATOES;XIRECS;4997.0;5
279600;BOT_TAKER;SUBMISSION;EMERALDS;XIRECS;10007.0;5
280800;BOT_TAKER;SUBMISSION;TOMATOES;XIRECS;5003.0;2
281100;SUBMISSION;BOT_TAKER;TOMATOES;XIRECS;4993.0;3
284600;SUBMISSION;BOT;EMERALDS;XIRECS;10000.0;8
285800;BOT;SUBMISSION;TOMATOES;XIRECS;5005.0;12
287400;BOT;SUBMISSION;EMERALDS;XIRECS;10000.0;6
287600;BOT;SUBMISSION;EMERALDS;XIRECS;10000.0;7
287800;SUBMISSION;BOT;EMERALDS;XIRECS;10000.0;6
288000;SUBMISSION;BOT;TOMATOES;XIRECS;5005.0;5
289100;SUBMISSION;BOT_TAKER;TOMATOES;XIRECS;4998.0;5
290000;SUBMISSION;BOT_TAKER;TOMATOES;XIRECS;4999.0;2
290900;BOT_TAKER;SUBMISSION;TOMATOES;XIRECS;5010.0;4
293500;SUBMISSION;BOT_TAKER;TOMATOES;XIRECS;4997.0;3
295400;SUBMISSION;BOT_TAKER;TOMATOES;XIRECS;4997.0;2
296500;BOT_TAKER;SUBMISSION;TOMATOES;XIRECS;5008.0;5
297400;SUBMISSION;BOT;EMERALDS;XIRECS;10000.0;6
300700;BOT;SUBMISSION;EMERALDS;XIRECS;10000.0;6
300800;BOT_TAKER;SUBMISSION;EMERALDS;XIRECS;10007.0;7
301700;BOT;SUBMISSION;EMERALDS;XIRECS;10000.0;6
303100;BOT_TAKER;SUBMISSION;TOMATOES;XIRECS;5006.0;2
305300;SUBMISSION;BOT_TAKER;TOMATOES;XIRECS;4992.0;3
305600;BOT_TAKER;SUBMISSION;TOMATOES;XIRECS;5003.0;5
305800;SUBMISSION;BOT_TAKER;EMERALDS;XIRECS;9993.0;6
307000;SUBMISSION;BOT_TAKER;TOMATOES;XIRECS;4990.0;4
307800;SUBMISSION;BOT;EMERALDS;XIRECS;10000.0;9
308800;SUBMISSION;BOT_TAKER;EMERALDS;XIRECS;9993.0;5
312200;BOT_MAKER;BOT_TAKER;TOMATOES;XIRECS;4991.0;5
312500;SUBMISSION;BOT_TAKER;TOMATOES;XIRECS;4991.0;4
313900;BOT;SUBMISSION;TOMATOES;XIRECS;4996.0;2
314900;BOT_TAKER;SUBMISSION;TOMATOES;XIRECS;5002.0;4
317700;SUBMISSION;BOT_TAKER;EMERALDS;XIRECS;9993.0;6
318000;SUBMISSION;BOT_TAKER;EMERALDS;XIRECS;9993.0;5
318600;BOT_TAKER;SUBMISSION;EMERALDS;XIRECS;10000.0;4
319800;BOT;SUBMISSION;EMERALDS;XIRECS;10000.0;10
320000;BOT;SUBMISSION;EMERALDS;XIRECS;10000.0;7
320600;BOT_TAKER;SUBMISSION;TOMATOES;XIRECS;5008.0;4
321300;BOT_TAKER;SUBMISSION;TOMATOES;XIRECS;5009.0;5
321900;SUBMISSION;BOT_TAKER;TOMATOES;XIRECS;4998.0;2
322100;BOT_TAKER;SUBMISSION;EMERALDS;XIRECS;10007.0;5
322200;BOT;SUBMISSION;EMERALDS;XIRECS;10000.0;8
322300;SUBMISSION;BOT;TOMATOES;XIRECS;5004.0;4
322700;BOT;SUBMISSION;EMERALDS;XIRECS;10000.0;9
323300;SUBMISSION;BOT;EMERALDS;XIRECS;10000.0;6
324900;SUBMISSION;BOT_TAKER;TOMATOES;XIRECS;4995.0;3
327400;BOT_TAKER;SUBMISSION;TOMATOES;XIRECS;5005.0;2
328800;BOT_TAKER;SUBMISSION;TOMATOES;XIRECS;5007.0;4
329400;BOT;SUBMISSION;EMERALDS;XIRECS;10000.0;5
330200;BOT_TAKER;BOT_MAKER;TOMATOES;XIRECS;5004.0;4
330500;SUBMISSION;BOT;TOMATOES;XIRECS;4997.0;5
330600;SUBMISSION;BOT_TAKER;TOMATOES;XIRECS;4991.0;3
333700;SUBMISSION;BOT_TAKER;TOMATOES;XIRECS;4986.0;4
335400;SUBMISSION;BOT_TAKER;TOMATOES;XIRECS;4986.0;4
335600;BOT_MAKER;BOT_TAKER;TOMATOES;XIRECS;4985.0;5
336900;SUBMISSION;BOT;EMERALDS;XIRECS;10000.0;5
337900;BOT_TAKER;SUBMISSION;EMERALDS;XIRECS;10007.0;8
338900;BOT_TAKER;SUBMISSION;EMERALDS;XIRECS;10007.0;6
341500;BOT;SUBMISSION;TOMATOES;XIRECS;4984.0;5
346000;BOT;SUBMISSION;EMERALDS;XIRECS;10000.0;6
348000;SUBMISSION;BOT_TAKER;TOMATOES;XIRECS;4984.0;3
348200;BOT_TAKER;SUBMISSION;TOMATOES;XIRECS;4994.0;2
348400;SUBMISSION;BOT;EMERALDS;XIRECS;10000.0;5
352100;BOT;SUBMISSION;TOMATOES;XIRECS;4991.0;3
355200;BOT_TAKER;SUBMISSION;TOMATOES;XIRECS;5001.0;3
356300;SUBMISSION;BOT;EMERALDS;XIRECS;10000.0;5
356300;SUBMISSION;BOT;TOMATOES;XIRECS;4993.0;2
357100;BOT;SUBMISSION;EMERALDS;XIRECS;10000.0;5
358800;BOT;SUBMISSION;EMERALDS;XIRECS;10000.0;7
359100;BOT;SUBMISSION;EMERALDS;XIRECS;10000.0;6
359600;BOT;SUBMISSION;EMERALDS;XIRECS;10000.0;10
360100;SUBMISSION;BOT;EMERALDS;XIRECS;10000.0;5
360200;SUBMISSION;BOT_TAKER;TOMATOES;XIRECS;4987.0;4
360700;BOT_MAKER;BOT_TAKER;TOMATOES;XIRECS;4986.0;4
361100;BOT_MAKER;BOT_TAKER;TOMATOES;XIRECS;4988.0;2
361900;SUBMISSION;BOT;EMERALDS;XIRECS;10000.0;5
365700;BOT;SUBMISSION;TOMATOES;XIRECS;4998.0;9
366400;SUBMISSION;BOT;EMERALDS;XIRECS;10000.0;5
367600;BOT_TAKER;BOT_MAKER;TOMATOES;XIRECS;5004.0;3
367800;SUBMISSION;BOT_TAKER;TOMATOES;XIRECS;4992.0;3
368700;SUBMISSION;BOT_TAKER;TOMATOES;XIRECS;4989.0;3
369200;BOT;SUBMISSION;EMERALDS;XIRECS;10000.0;7
369300;SUBMISSION;BOT_TAKER;TOMATOES;XIRECS;4990.0;3
369500;BOT;SUBMISSION;TOMATOES;XIRECS;4997.0;8
369700;BOT_TAKER;SUBMISSION;EMERALDS;XIRECS;10007.0;7
370300;BOT_TAKER;SUBMISSION;TOMATOES;XIRECS;5002.0;5
370600;BOT_TAKER;SUBMISSION;EMERALDS;XIRECS;10007.0;8
372800;BOT_TAKER;BOT_MAKER;TOMATOES;XIRECS;5005.0;2
373500;SUBMISSION;BOT;EMERALDS;XIRECS;10000.0;5
376100;SUBMISSION;BOT;EMERALDS;XIRECS;10000.0;5
377300;SUBMISSION;BOT_TAKER;TOMATOES;XIRECS;4989.0;5
378400;BOT_TAKER;SUBMISSION;EMERALDS;XIRECS;10007.0;5
379100;SUBMISSION;BOT_TAKER;TOMATOES;XIRECS;4991.0;3
380300;SUBMISSION;BOT_TAKER;TOMATOES;XIRECS;4991.0;4
380900;BOT_TAKER;SUBMISSION;EMERALDS;XIRECS;10007.0;6
383400;BOT_TAKER;SUBMISSION;EMERALDS;XIRECS;10007.0;6
385000;BOT_TAKER;SUBMISSION;EMERALDS;XIRECS;10007.0;3
386500;BOT;SUBMISSION;EMERALDS;XIRECS;10000.0;7
387100;SUBMISSION;BOT_TAKER;EMERALDS;XIRECS;9993.0;4
387700;SUBMISSION;BOT_TAKER;TOMATOES;XIRECS;4995.0;2
389800;BOT_TAKER;SUBMISSION;TOMATOES;XIRECS;5009.0;2
391400;SUBMISSION;BOT;EMERALDS;XIRECS;10000.0;8
391400;BOT_TAKER;SUBMISSION;EMERALDS;XIRECS;10001.0;4
392200;SUBMISSION;BOT_TAKER;EMERALDS;XIRECS;9993.0;8
396700;BOT;SUBMISSION;EMERALDS;XIRECS;10000.0;5
398100;BOT;SUBMISSION;EMERALDS;XIRECS;10000.0;7
398600;BOT_TAKER;SUBMISSION;EMERALDS;XIRECS;10007.0;6
400300;SUBMISSION;BOT_TAKER;TOMATOES;XIRECS;4998.0;3
404600;SUBMISSION;BOT;EMERALDS;XIRECS;10000.0;10
404700;SUBMISSION;BOT_TAKER;TOMATOES;XIRECS;4997.0;2
405500;BOT;SUBMISSION;TOMATOES;XIRECS;5003.0;3
406000;BOT;SUBMISSION;TOMATOES;XIRECS;5007.0;10
408300;SUBMISSION;BOT;EMERALDS;XIRECS;10000.0;5
409500;BOT_TAKER;SUBMISSION;EMERALDS;XIRECS;10007.0;6
409900;SUBMISSION;BOT;EMERALDS;XIRECS;10000.0;5
409900;BOT_TAKER;SUBMISSION;EMERALDS;XIRECS;10001.0;4
411800;BOT_TAKER;BOT_MAKER;TOMATOES;XIRECS;5011.0;2
416500;BOT_TAKER;SUBMISSION;EMERALDS;XIRECS;10007.0;3
417500;BOT;SUBMISSION;EMERALDS;XIRECS;10000.0;7
419600;SUBMISSION;BOT_TAKER;TOMATOES;XIRECS;5005.0;2
420400;SUBMISSION;BOT;EMERALDS;XIRECS;10000.0;6
420900;BOT_TAKER;SUBMISSION;TOMATOES;XIRECS;5015.0;5
421600;SUBMISSION;BOT_TAKER;TOMATOES;XIRECS;5011.0;3
421700;BOT;SUBMISSION;EMERALDS;XIRECS;10000.0;5
421800;SUBMISSION;BOT_TAKER;TOMATOES;XIRECS;5005.0;3
422400;SUBMISSION;BOT_TAKER;EMERALDS;XIRECS;9993.0;5
423400;BOT;SUBMISSION;EMERALDS;XIRECS;10000.0;7
423400;BOT_TAKER;SUBMISSION;TOMATOES;XIRECS;5014.0;4
423500;SUBMISSION;BOT_TAKER;TOMATOES;XIRECS;5003.0;2
423900;BOT_TAKER;SUBMISSION;EMERALDS;XIRECS;10007.0;4
425500;SUBMISSION;BOT_TAKER;EMERALDS;XIRECS;9993.0;4
426000;SUBMISSION;BOT_TAKER;EMERALDS;XIRECS;9993.0;5
426700;SUBMISSION;BOT;TOMATOES;XIRECS;5007.0;5
428200;SUBMISSION;BOT;EMERALDS;XIRECS;10000.0;6
428800;BOT_MAKER;BOT_TAKER;TOMATOES;XIRECS;5002.0;2
429800;BOT_TAKER;SUBMISSION;TOMATOES;XIRECS;5013.0;2
431100;BOT_TAKER;BOT_MAKER;TOMATOES;XIRECS;5009.0;4
431600;SUBMISSION;BOT_TAKER;EMERALDS;XIRECS;9993.0;6
432200;SUBMISSION;BOT_TAKER;EMERALDS;XIRECS;9993.0;8
432600;BOT_TAKER;SUBMISSION;TOMATOES;XIRECS;5013.0;4
433300;SUBMISSION;BOT;TOMATOES;XIRECS;5007.0;2
433600;SUBMISSION;BOT;TOMATOES;XIRECS;5002.0;5
433800;SUBMISSION;BOT;EMERALDS;XIRECS;10000.0;5
434200;SUBMISSION;BOT;EMERALDS;XIRECS;10000.0;9
434400;BOT;SUBMISSION;EMERALDS;XIRECS;10000.0;10
434900;BOT_TAKER;SUBMISSION;TOMATOES;XIRECS;5008.0;5
435500;SUBMISSION;BOT_TAKER;EMERALDS;XIRECS;9993.0;5
436800;SUBMISSION;BOT;EMERALDS;XIRECS;10000.0;6
438100;BOT;SUBMISSION;EMERALDS;XIRECS;10000.0;8
438700;BOT;SUBMISSION;EMERALDS;XIRECS;10000.0;7
439300;SUBMISSION;BOT;EMERALDS;XIRECS;10000.0;6
439500;BOT;SUBMISSION;EMERALDS;XIRECS;10000.0;5
440600;BOT_TAKER;SUBMISSION;EMERALDS;XIRECS;10007.0;6
441700;BOT;SUBMISSION;EMERALDS;XIRECS;10000.0;7
443000;SUBMISSION;BOT;EMERALDS;XIRECS;10000.0;5
444500;SUBMISSION;BOT;EMERALDS;XIRECS;10000.0;9
445200;SUBMISSION;BOT;EMERALDS;XIRECS;10000.0;5
451100;BOT_TAKER;SUBMISSION;TOMATOES;XIRECS;5015.0;5
451800;SUBMISSION;BOT_TAKER;EMERALDS;XIRECS;9993.0;8
452100;BOT_TAKER;BOT_MAKER;TOMATOES;XIRECS;5015.0;2
452300;SUBMISSION;BOT;EMERALDS;XIRECS;10000.0;7
453500;SUBMISSION;BOT_TAKER;EMERALDS;XIRECS;9993.0;6
454500;BOT_TAKER;BOT_MAKER;TOMATOES;XIRECS;5015.0;5
454800;SUBMISSION;BOT_TAKER;TOMATOES;XIRECS;5003.0;4
454900;BOT_TAKER;SUBMISSION;EMERALDS;XIRECS;10007.0;7
455200;SUBMISSION;BOT;EMERALDS;XIRECS;10000.0;9
455200;SUBMISSION;BOT;TOMATOES;XIRECS;5006.0;10
455300;SUBMISSION;BOT;EMERALDS;XIRECS;10000.0;6
456700;BOT_TAKER;SUBMISSION;TOMATOES;XIRECS;5013.0;2
458900;BOT;SUBMISSION;EMERALDS;XIRECS;10000.0;7
460100;SUBMISSION;BOT;EMERALDS;XIRECS;10000.0;5
460400;SUBMISSION;BOT_TAKER;TOMATOES;XIRECS;4998.0;4
461900;SUBMISSION;BOT_TAKER;EMERALDS;XIRECS;9993.0;7
462000;BOT;SUBMISSION;TOMATOES;XIRECS;5002.0;9
462700;SUBMISSION;BOT_TAKER;TOMATOES;XIRECS;4994.0;2
464000;BOT;SUBMISSION;EMERALDS;XIRECS;10000.0;7
464400;BOT_TAKER;SUBMISSION;EMERALDS;XIRECS;10007.0;6
464900;BOT_TAKER;SUBMISSION;EMERALDS;XIRECS;10007.0;4
466600;SUBMISSION;BOT;EMERALDS;XIRECS;10000.0;7
466900;SUBMISSION;BOT_TAKER;TOMATOES;XIRECS;4992.0;4
467000;SUBMISSION;BOT;EMERALDS;XIRECS;10000.0;6
468200;SUBMISSION;BOT;EMERALDS;XIRECS;10000.0;6
468400;BOT_MAKER;BOT_TAKER;TOMATOES;XIRECS;4992.0;5
468900;BOT;SUBMISSION;EMERALDS;XIRECS;10000.0;10
469600;BOT;SUBMISSION;EMERALDS;XIRECS;10000.0;6
469700;BOT_TAKER;SUBMISSION;EMERALDS;XIRECS;10007.0;3
470200;BOT;SUBMISSION;EMERALDS;XIRECS;10000.0;8
471300;BOT_MAKER;BOT_TAKER;TOMATOES;XIRECS;4990.0;5
471600;BOT;SUBMISSION;TOMATOES;XIRECS;4996.0;3
471800;BOT;SUBMISSION;EMERALDS;XIRECS;10000.0;9
471900;SUBMISSION;BOT_TAKER;EMERALDS;XIRECS;9993.0;6
472400;BOT_TAKER;SUBMISSION;TOMATOES;XIRECS;5004.0;3
473200;BOT_TAKER;SUBMISSION;EMERALDS;XIRECS;10007.0;3
473300;SUBMISSION;BOT;TOMATOES;XIRECS;4999.0;6
474200;BOT;SUBMISSION;TOMATOES;XIRECS;4998.0;2
476500;BOT;SUBMISSION;EMERALDS;XIRECS;10000.0;5
478200;BOT_MAKER;BOT_TAKER;TOMATOES;XIRECS;4997.0;5
482600;SUBMISSION;BOT_TAKER;EMERALDS;XIRECS;9993.0;3
487300;BOT;SUBMISSION;EMERALDS;XIRECS;10000.0;9
487800;BOT;SUBMISSION;TOMATOES;XIRECS;5003.0;11
488300;SUBMISSION;BOT;EMERALDS;XIRECS;10000.0;9
489800;BOT_TAKER;SUBMISSION;EMERALDS;XIRECS;10007.0;4
490200;BOT;SUBMISSION;EMERALDS;XIRECS;10000.0;9
490300;BOT_TAKER;SUBMISSION;EMERALDS;XIRECS;10007.0;5
493600;BOT_TAKER;SUBMISSION;EMERALDS;XIRECS;10007.0;3
493600;SUBMISSION;BOT_TAKER;TOMATOES;XIRECS;4998.0;4
494600;SUBMISSION;BOT_TAKER;TOMATOES;XIRECS;4997.0;2
495200;BOT_TAKER;SUBMISSION;TOMATOES;XIRECS;5007.0;5
496000;SUBMISSION;BOT_TAKER;EMERALDS;XIRECS;9993.0;4
496100;SUBMISSION;BOT;EMERALDS;XIRECS;10000.0;7
497900;SUBMISSION;BOT;TOMATOES;XIRECS;4999.0;7
499500;SUBMISSION;BOT_TAKER;EMERALDS;XIRECS;9993.0;5
499900;BOT;SUBMISSION;EMERALDS;XIRECS;10000.0;5
503200;SUBMISSION;BOT_TAKER;EMERALDS;XIRECS;9993.0;3
503600;SUBMISSION;BOT_TAKER;TOMATOES;XIRECS;4995.0;4
504500;SUBMISSION;BOT;EMERALDS;XIRECS;10000.0;8
505200;SUBMISSION;BOT;EMERALDS;XIRECS;10000.0;9
505500;BOT_TAKER;SUBMISSION;EMERALDS;XIRECS;10007.0;6
507400;BOT_TAKER;SUBMISSION;TOMATOES;XIRECS;5006.0;2
510000;SUBMISSION;BOT_TAKER;TOMATOES;XIRECS;4992.0;2
513400;SUBMISSION;BOT_TAKER;TOMATOES;XIRECS;4991.0;2
514400;BOT;SUBMISSION;TOMATOES;XIRECS;4996.0;2
514900;BOT_TAKER;SUBMISSION;EMERALDS;XIRECS;10007.0;8
516900;BOT;SUBMISSION;EMERALDS;XIRECS;10000.0;9
518300;BOT_TAKER;SUBMISSION;TOMATOES;XIRECS;4999.0;4
519000;SUBMISSION;BOT_TAKER;TOMATOES;XIRECS;4987.0;2
519400;BOT;SUBMISSION;EMERALDS;XIRECS;10000.0;8
521300;BOT_TAKER;SUBMISSION;EMERALDS;XIRECS;10007.0;7
522400;SUBMISSION;BOT_TAKER;TOMATOES;XIRECS;4982.0;5
522800;SUBMISSION;BOT;EMERALDS;XIRECS;10000.0;10
523200;BOT;SUBMISSION;TOMATOES;XIRECS;4987.0;4
524500;SUBMISSION;BOT;EMERALDS;XIRECS;10000.0;8
526300;BOT_TAKER;SUBMISSION;TOMATOES;XIRECS;4991.0;2
527500;BOT_TAKER;SUBMISSION;TOMATOES;XIRECS;4992.0;2
527800;SUBMISSION;BOT;EMERALDS;XIRECS;10000.0;6
528200;BOT;SUBMISSION;EMERALDS;XIRECS;10000.0;6
528200;BOT_TAKER;SUBMISSION;TOMATOES;XIRECS;4992.0;2
528400;BOT_TAKER;SUBMISSION;EMERALDS;XIRECS;10007.0;6
530500;SUBMISSION;BOT;EMERALDS;XIRECS;10000.0;8
531600;BOT_TAKER;SUBMISSION;EMERALDS;XIRECS;10007.0;7
532000;BOT;SUBMISSION;EMERALDS;XIRECS;10000.0;6
533300;SUBMISSION;BOT_TAKER;EMERALDS;XIRECS;9993.0;6
533300;BOT_TAKER;BOT_MAKER;TOMATOES;XIRECS;4992.0;2
533400;SUBMISSION;BOT;TOMATOES;XIRECS;4984.0;10
535800;BOT_TAKER;SUBMISSION;EMERALDS;XIRECS;10007.0;4
537600;BOT_TAKER;SUBMISSION;TOMATOES;XIRECS;4993.0;3
540000;BOT_TAKER;SUBMISSION;EMERALDS;XIRECS;10007.0;8
541900;BOT_TAKER;SUBMISSION;TOMATOES;XIRECS;4993.0;2
542400;BOT_MAKER;BOT_TAKER;TOMATOES;XIRECS;4982.0;2
543500;BOT;SUBMISSION;TOMATOES;XIRECS;4993.0;12
544500;BOT;SUBMISSION;EMERALDS;XIRECS;10000.0;10
545500;SUBMISSION;BOT;EMERALDS;XIRECS;10000.0;9
545500;SUBMISSION;BOT;TOMATOES;XIRECS;4991.0;6
546100;BOT_TAKER;SUBMISSION;EMERALDS;XIRECS;10007.0;5
547900;SUBMISSION;BOT_TAKER;TOMATOES;XIRECS;4986.0;2
548900;BOT_TAKER;SUBMISSION;TOMATOES;XIRECS;5001.0;5
550200;BOT;SUBMISSION;EMERALDS;XIRECS;10000.0;7
552000;SUBMISSION;BOT;TOMATOES;XIRECS;4998.0;4
552100;BOT_TAKER;SUBMISSION;EMERALDS;XIRECS;10007.0;7
554000;SUBMISSION;BOT_TAKER;TOMATOES;XIRECS;4990.0;5
554100;BOT_TAKER;SUBMISSION;TOMATOES;XIRECS;5000.0;2
554300;BOT_TAKER;SUBMISSION;TOMATOES;XIRECS;5000.0;2
555100;SUBMISSION;BOT;EMERALDS;XIRECS;10000.0;9
557400;SUBMISSION;BOT;EMERALDS;XIRECS;10000.0;9
557600;BOT_MAKER;BOT_TAKER;TOMATOES;XIRECS;4994.0;2
558200;SUBMISSION;BOT_TAKER;EMERALDS;XIRECS;9993.0;6
559000;BOT;SUBMISSION;EMERALDS;XIRECS;10000.0;10
559600;SUBMISSION;BOT;TOMATOES;XIRECS;4990.0;8
559800;BOT_TAKER;SUBMISSION;TOMATOES;XIRECS;4999.0;5
560900;BOT_TAKER;SUBMISSION;EMERALDS;XIRECS;10007.0;5
561100;SUBMISSION;BOT;EMERALDS;XIRECS;10000.0;10
561500;SUBMISSION;BOT;EMERALDS;XIRECS;10000.0;8
562300;BOT;SUBMISSION;TOMATOES;XIRECS;4995.0;7
562900;BOT;SUBMISSION;EMERALDS;XIRECS;10000.0;7
564800;SUBMISSION;BOT_TAKER;TOMATOES;XIRECS;4986.0;5
569300;SUBMISSION;BOT;EMERALDS;XIRECS;10000.0;5
570100;BOT_TAKER;SUBMISSION;TOMATOES;XIRECS;5003.0;2
570500;BOT_TAKER;SUBMISSION;TOMATOES;XIRECS;5004.0;5
571800;SUBMISSION;BOT_TAKER;TOMATOES;XIRECS;4993.0;2
572700;SUBMISSION;BOT_TAKER;EMERALDS;XIRECS;9993.0;5
573400;SUBMISSION;BOT;TOMATOES;XIRECS;4997.0;3
574200;BOT_TAKER;SUBMISSION;TOMATOES;XIRECS;5002.0;2
574600;SUBMISSION;BOT;EMERALDS;XIRECS;10000.0;5
575200;SUBMISSION;BOT;EMERALDS;XIRECS;10000.0;7
575400;BOT_TAKER;SUBMISSION;EMERALDS;XIRECS;10007.0;8
575700;SUBMISSION;BOT_TAKER;TOMATOES;XIRECS;4991.0;4
577700;BOT;SUBMISSION;EMERALDS;XIRECS;10000.0;8
580000;SUBMISSION;BOT_TAKER;TOMATOES;XIRECS;4988.0;2
582000;SUBMISSION;BOT_TAKER;TOMATOES;XIRECS;4991.0;2
583000;BOT_TAKER;SUBMISSION;TOMATOES;XIRECS;5001.0;3
583500;SUBMISSION;BOT_TAKER;TOMATOES;XIRECS;4991.0;4
584300;SUBMISSION;BOT;EMERALDS;XIRECS;10000.0;10
585300;SUBMISSION;BOT;EMERALDS;XIRECS;10000.0;8
585700;BOT_TAKER;SUBMISSION;TOMATOES;XIRECS;5005.0;3
588000;BOT_TAKER;SUBMISSION;TOMATOES;XIRECS;5005.0;3
589200;SUBMISSION;BOT;EMERALDS;XIRECS;10000.0;5
590000;BOT_TAKER;SUBMISSION;TOMATOES;XIRECS;5001.0;2
591700;SUBMISSION;BOT;EMERALDS;XIRECS;10000.0;10
592100;BOT_TAKER;BOT_MAKER;TOMATOES;XIRECS;5001.0;5
592400;SUBMISSION;BOT;EMERALDS;XIRECS;10000.0;8
592600;BOT;SUBMISSION;EMERALDS;XIRECS;10000.0;8
593100;BOT_TAKER;SUBMISSION;EMERALDS;XIRECS;10007.0;8
593400;SUBMISSION;BOT_TAKER;TOMATOES;XIRECS;4988.0;4
594400;BOT;SUBMISSION;EMERALDS;XIRECS;10000.0;5
596600;BOT;SUBMISSION;EMERALDS;XIRECS;10000.0;8
597600;BOT;SUBMISSION;EMERALDS;XIRECS;10000.0;6
597900;SUBMISSION;BOT_TAKER;TOMATOES;XIRECS;4987.0;3
599600;BOT;SUBMISSION;EMERALDS;XIRECS;10000.0;6
601800;BOT_TAKER;SUBMISSION;TOMATOES;XIRECS;4996.0;3
602300;BOT_TAKER;SUBMISSION;TOMATOES;XIRECS;4996.0;5
603100;SUBMISSION;BOT_TAKER;EMERALDS;XIRECS;9993.0;3
604500;SUBMISSION;BOT;EMERALDS;XIRECS;10000.0;5
605100;SUBMISSION;BOT_TAKER;TOMATOES;XIRECS;4988.0;2
606000;SUBMISSION;BOT_TAKER;TOMATOES;XIRECS;4988.0;2
606600;SUBMISSION;BOT_TAKER;EMERALDS;XIRECS;9993.0;6
608500;BOT;SUBMISSION;EMERALDS;XIRECS;10000.0;5
610200;BOT;SUBMISSION;EMERALDS;XIRECS;10000.0;10
610300;BOT_TAKER;SUBMISSION;TOMATOES;XIRECS;5001.0;4
610500;BOT;SUBMISSION;EMERALDS;XIRECS;10000.0;6
610600;SUBMISSION;BOT_TAKER;TOMATOES;XIRECS;4988.0;3
613000;BOT_TAKER;SUBMISSION;TOMATOES;XIRECS;5000.0;5
613100;SUBMISSION;BOT;TOMATOES;XIRECS;4994.0;4
614200;SUBMISSION;BOT_TAKER;EMERALDS;XIRECS;9993.0;3
614200;BOT_TAKER;SUBMISSION;TOMATOES;XIRECS;5001.0;5
614300;SUBMISSION;BOT_TAKER;EMERALDS;XIRECS;9993.0;4
614400;BOT;SUBMISSION;EMERALDS;XIRECS;10000.0;5
614400;SUBMISSION;BOT_TAKER;TOMATOES;XIRECS;4990.0;2
614900;BOT;SUBMISSION;EMERALDS;XIRECS;10000.0;10
615500;BOT_TAKER;SUBMISSION;EMERALDS;XIRECS;10007.0;6
616000;BOT_TAKER;SUBMISSION;EMERALDS;XIRECS;10007.0;8
617700;BOT_TAKER;SUBMISSION;EMERALDS;XIRECS;10007.0;3
618200;SUBMISSION;BOT;EMERALDS;XIRECS;10000.0;5
620200;BOT_TAKER;BOT_MAKER;TOMATOES;XIRECS;5004.0;2
620700;BOT;SUBMISSION;EMERALDS;XIRECS;10000.0;5
620900;SUBMISSION;BOT;EMERALDS;XIRECS;10000.0;8
621300;BOT;SUBMISSION;EMERALDS;XIRECS;10000.0;10
622300;SUBMISSION;BOT_TAKER;TOMATOES;XIRECS;4992.0;5
622500;SUBMISSION;BOT_TAKER;EMERALDS;XIRECS;9993.0;5
623400;BOT_TAKER;SUBMISSION;TOMATOES;XIRECS;5005.0;3
624100;BOT_TAKER;SUBMISSION;TOMATOES;XIRECS;5005.0;5
625100;SUBMISSION;BOT;EMERALDS;XIRECS;10000.0;9
625900;BOT;SUBMISSION;EMERALDS;XIRECS;10000.0;7
628200;BOT_TAKER;SUBMISSION;EMERALDS;XIRECS;10007.0;6
629300;SUBMISSION;BOT;TOMATOES;XIRECS;5002.0;5
632100;BOT_TAKER;SUBMISSION;TOMATOES;XIRECS;5010.0;3
632200;SUBMISSION;BOT_TAKER;TOMATOES;XIRECS;4999.0;3
632400;BOT;SUBMISSION;EMERALDS;XIRECS;10000.0;7
632500;BOT;SUBMISSION;EMERALDS;XIRECS;10000.0;9
634200;SUBMISSION;BOT;TOMATOES;XIRECS;5004.0;2
635000;BOT;SUBMISSION;EMERALDS;XIRECS;10000.0;10
636500;SUBMISSION;BOT_TAKER;EMERALDS;XIRECS;10000.0;7
636800;BOT_TAKER;SUBMISSION;TOMATOES;XIRECS;5013.0;3
637700;SUBMISSION;BOT;TOMATOES;XIRECS;5004.0;8
637800;BOT;SUBMISSION;EMERALDS;XIRECS;10000.0;5
638600;BOT_TAKER;SUBMISSION;TOMATOES;XIRECS;5009.0;3
639400;BOT;SUBMISSION;EMERALDS;XIRECS;10000.0;8
639400;BOT_TAKER;SUBMISSION;TOMATOES;XIRECS;5011.0;4
641100;SUBMISSION;BOT;EMERALDS;XIRECS;10000.0;5
641200;SUBMISSION;BOT;EMERALDS;XIRECS;10000.0;7
641500;BOT_TAKER;BOT_MAKER;TOMATOES;XIRECS;5011.0;3
642400;BOT_TAKER;SUBMISSION;EMERALDS;XIRECS;10007.0;6
644600;BOT_TAKER;SUBMISSION;EMERALDS;XIRECS;10007.0;8
645100;SUBMISSION;BOT;TOMATOES;XIRECS;5003.0;2
647100;SUBMISSION;BOT_TAKER;EMERALDS;XIRECS;10000.0;6
647400;BOT_TAKER;SUBMISSION;TOMATOES;XIRECS;5010.0;4
647500;SUBMISSION;BOT;EMERALDS;XIRECS;10000.0;8
647600;BOT;SUBMISSION;EMERALDS;XIRECS;10000.0;9
648200;SUBMISSION;BOT;EMERALDS;XIRECS;10000.0;9
648400;BOT_TAKER;BOT_MAKER;TOMATOES;XIRECS;5010.0;3
648800;SUBMISSION;BOT_TAKER;EMERALDS;XIRECS;9993.0;6
649500;BOT_TAKER;SUBMISSION;EMERALDS;XIRECS;10007.0;6
649700;BOT;SUBMISSION;EMERALDS;XIRECS;10000.0;8
650000;SUBMISSION;BOT;TOMATOES;XIRECS;5006.0;5
652000;BOT_TAKER;SUBMISSION;TOMATOES;XIRECS;5011.0;3
653200;BOT;SUBMISSION;EMERALDS;XIRECS;10000.0;8
655400;BOT_TAKER;BOT_MAKER;TOMATOES;XIRECS;5012.0;5
656100;BOT_TAKER;SUBMISSION;TOMATOES;XIRECS;5013.0;4
656200;SUBMISSION;BOT;TOMATOES;XIRECS;5008.0;2
657000;BOT_TAKER;BOT_MAKER;EMERALDS;XIRECS;10008.0;6
658500;SUBMISSION;BOT;EMERALDS;XIRECS;10000.0;6
659200;SUBMISSION;BOT_TAKER;TOMATOES;XIRECS;4999.0;3
659500;SUBMISSION;BOT;EMERALDS;XIRECS;10000.0;10
660100;SUBMISSION;BOT_TAKER;TOMATOES;XIRECS;4998.0;3
663200;SUBMISSION;BOT_TAKER;TOMATOES;XIRECS;4996.0;5
663800;BOT_TAKER;SUBMISSION;EMERALDS;XIRECS;10007.0;3
664200;BOT;SUBMISSION;EMERALDS;XIRECS;10000.0;10
664600;BOT;SUBMISSION;EMERALDS;XIRECS;10000.0;3
664800;BOT;SUBMISSION;TOMATOES;XIRECS;5005.0;4
665000;SUBMISSION;BOT_TAKER;EMERALDS;XIRECS;10000.0;7
665500;SUBMISSION;BOT_TAKER;EMERALDS;XIRECS;10000.0;8
665600;SUBMISSION;BOT;EMERALDS;XIRECS;10000.0;7
666700;SUBMISSION;BOT_TAKER;EMERALDS;XIRECS;9993.0;5
666900;SUBMISSION;BOT;EMERALDS;XIRECS;10000.0;7
668400;BOT;SUBMISSION;EMERALDS;XIRECS;10000.0;10
669800;BOT;SUBMISSION;EMERALDS;XIRECS;10000.0;9
670300;BOT_TAKER;SUBMISSION;EMERALDS;XIRECS;10007.0;8
670700;SUBMISSION;BOT_TAKER;EMERALDS;XIRECS;10000.0;6
672000;SUBMISSION;BOT;EMERALDS;XIRECS;10000.0;8
672800;BOT;SUBMISSION;EMERALDS;XIRECS;10000.0;9
673400;SUBMISSION;BOT_TAKER;TOMATOES;XIRECS;5002.0;3
673700;BOT_TAKER;SUBMISSION;TOMATOES;XIRECS;5015.0;5
676600;SUBMISSION;BOT;EMERALDS;XIRECS;10000.0;5
678200;SUBMISSION;BOT_TAKER;TOMATOES;XIRECS;5006.0;2
678500;SUBMISSION;BOT;EMERALDS;XIRECS;10000.0;6
679100;SUBMISSION;BOT_TAKER;TOMATOES;XIRECS;5006.0;3
679900;SUBMISSION;BOT;EMERALDS;XIRECS;10000.0;8
680100;BOT_TAKER;SUBMISSION;TOMATOES;XIRECS;5017.0;2
680300;BOT_TAKER;SUBMISSION;TOMATOES;XIRECS;5017.0;5
680700;SUBMISSION;BOT;TOMATOES;XIRECS;5010.0;5
681700;BOT;SUBMISSION;TOMATOES;XIRECS;5014.0;8
682100;BOT;SUBMISSION;EMERALDS;XIRECS;10000.0;6
683200;SUBMISSION;BOT;TOMATOES;XIRECS;5013.0;6
684600;SUBMISSION;BOT_TAKER;EMERALDS;XIRECS;9993.0;3
684600;SUBMISSION;BOT_TAKER;TOMATOES;XIRECS;5007.0;3
684700;SUBMISSION;BOT_TAKER;TOMATOES;XIRECS;5007.0;3
685300;BOT;SUBMISSION;EMERALDS;XIRECS;10000.0;8
686300;SUBMISSION;BOT_TAKER;TOMATOES;XIRECS;5003.0;2
687100;BOT;SUBMISSION;TOMATOES;XIRECS;5007.0;7
687600;BOT;SUBMISSION;EMERALDS;XIRECS;10000.0;7
688200;BOT;SUBMISSION;EMERALDS;XIRECS;10000.0;5
689400;BOT_TAKER;SUBMISSION;TOMATOES;XIRECS;5015.0;4
690100;SUBMISSION;BOT;EMERALDS;XIRECS;10000.0;7
691900;BOT_TAKER;SUBMISSION;TOMATOES;XIRECS;5013.0;2
692300;BOT;SUBMISSION;EMERALDS;XIRECS;10000.0;9
695500;SUBMISSION;BOT;TOMATOES;XIRECS;5008.0;2
696300;SUBMISSION;BOT_TAKER;TOMATOES;XIRECS;4999.0;4
696800;BOT;SUBMISSION;EMERALDS;XIRECS;10000.0;6
697000;BOT_TAKER;BOT_MAKER;EMERALDS;XIRECS;10008.0;4
697000;SUBMISSION;BOT_TAKER;TOMATOES;XIRECS;5001.0;2
699400;BOT;SUBMISSION;TOMATOES;XIRECS;5005.0;2
701000;BOT_MAKER;BOT_TAKER;TOMATOES;XIRECS;4998.0;2
702800;SUBMISSION;BOT_TAKER;EMERALDS;XIRECS;10000.0;7
702900;BOT_TAKER;SUBMISSION;TOMATOES;XIRECS;5009.0;3
704100;BOT_TAKER;BOT_MAKER;TOMATOES;XIRECS;5006.0;2
704200;SUBMISSION;BOT_TAKER;TOMATOES;XIRECS;4994.0;4
704900;BOT_TAKER;SUBMISSION;TOMATOES;XIRECS;5004.0;5
705100;SUBMISSION;BOT;TOMATOES;XIRECS;4997.0;11
706100;BOT;SUBMISSION;TOMATOES;XIRECS;4998.0;4
706600;SUBMISSION;BOT;EMERALDS;XIRECS;10000.0;5
706800;SUBMISSION;BOT;EMERALDS;XIRECS;10000.0;8
707400;SUBMISSION;BOT;EMERALDS;XIRECS;10000.0;6
707600;BOT;SUBMISSION;TOMATOES;XIRECS;4998.0;4
707600;BOT_MAKER;BOT_TAKER;TOMATOES;XIRECS;4992.0;5
708400;BOT_TAKER;SUBMISSION;EMERALDS;XIRECS;10007.0;8
710900;SUBMISSION;BOT;EMERALDS;XIRECS;10000.0;6
711000;SUBMISSION;BOT_TAKER;TOMATOES;XIRECS;4991.0;5
711400;BOT_MAKER;BOT_TAKER;TOMATOES;XIRECS;4990.0;2
711600;BOT_TAKER;SUBMISSION;TOMATOES;XIRECS;5003.0;2
712000;BOT_TAKER;SUBMISSION;TOMATOES;XIRECS;5002.0;5
712600;BOT;SUBMISSION;EMERALDS;XIRECS;10000.0;9
713500;SUBMISSION;BOT_TAKER;EMERALDS;XIRECS;9993.0;6
717200;SUBMISSION;BOT_TAKER;EMERALDS;XIRECS;9993.0;8
717300;BOT;SUBMISSION;EMERALDS;XIRECS;10000.0;7
720600;SUBMISSION;BOT_TAKER;EMERALDS;XIRECS;9993.0;7
721300;BOT_TAKER;SUBMISSION;EMERALDS;XIRECS;10007.0;8
722500;SUBMISSION;BOT;EMERALDS;XIRECS;10000.0;7
724600;BOT_TAKER;SUBMISSION;TOMATOES;XIRECS;5001.0;3
725700;SUBMISSION;BOT;EMERALDS;XIRECS;10000.0;6
727400;SUBMISSION;BOT;TOMATOES;XIRECS;4997.0;3
729500;SUBMISSION;BOT_TAKER;TOMATOES;XIRECS;4992.0;4
730100;SUBMISSION;BOT_TAKER;EMERALDS;XIRECS;9993.0;4
730700;SUBMISSION;BOT_TAKER;EMERALDS;XIRECS;9993.0;8
736900;BOT;SUBMISSION;EMERALDS;XIRECS;10000.0;9
739300;SUBMISSION;BOT_TAKER;TOMATOES;XIRECS;4991.0;3
740400;BOT_TAKER;SUBMISSION;TOMATOES;XIRECS;5004.0;5
740500;BOT_TAKER;SUBMISSION;EMERALDS;XIRECS;10007.0;3
741000;SUBMISSION;BOT;EMERALDS;XIRECS;10000.0;9
743500;BOT_TAKER;SUBMISSION;TOMATOES;XIRECS;5004.0;5
743800;SUBMISSION;BOT_TAKER;EMERALDS;XIRECS;9993.0;6
745100;BOT_TAKER;SUBMISSION;EMERALDS;XIRECS;10007.0;7
746500;SUBMISSION;BOT;TOMATOES;XIRECS;4997.0;3
747600;SUBMISSION;BOT_TAKER;EMERALDS;XIRECS;9993.0;8
752100;BOT_TAKER;SUBMISSION;TOMATOES;XIRECS;5001.0;2
752200;BOT_TAKER;SUBMISSION;EMERALDS;XIRECS;10007.0;6
753300;SUBMISSION;BOT;TOMATOES;XIRECS;4998.0;3
753400;BOT;SUBMISSION;EMERALDS;XIRECS;10000.0;9
753500;BOT;SUBMISSION;EMERALDS;XIRECS;10000.0;10
753500;BOT_TAKER;SUBMISSION;TOMATOES;XIRECS;5004.0;3
753600;BOT;SUBMISSION;EMERALDS;XIRECS;10000.0;6
753900;SUBMISSION;BOT_TAKER;TOMATOES;XIRECS;4993.0;4
754200;SUBMISSION;BOT_TAKER;EMERALDS;XIRECS;9993.0;4
754300;BOT_TAKER;SUBMISSION;EMERALDS;XIRECS;10007.0;7
755400;SUBMISSION;BOT_TAKER;TOMATOES;XIRECS;4995.0;4
756600;BOT;SUBMISSION;EMERALDS;XIRECS;10000.0;5
757300;SUBMISSION;BOT_TAKER;TOMATOES;XIRECS;4996.0;4
758600;BOT_MAKER;BOT_TAKER;TOMATOES;XIRECS;4992.0;3
761900;SUBMISSION;BOT;EMERALDS;XIRECS;10000.0;6
762500;BOT;SUBMISSION;EMERALDS;XIRECS;10000.0;7
762600;BOT;SUBMISSION;TOMATOES;XIRECS;4997.0;3
762700;BOT_TAKER;BOT_MAKER;TOMATOES;XIRECS;4999.0;2
762700;BOT_TAKER;SUBMISSION;TOMATOES;XIRECS;5001.0;1
763200;SUBMISSION;BOT_TAKER;EMERALDS;XIRECS;10000.0;7
763700;BOT_MAKER;BOT_TAKER;TOMATOES;XIRECS;4991.0;2
764700;SUBMISSION;BOT;EMERALDS;XIRECS;10000.0;10
766700;SUBMISSION;BOT_TAKER;EMERALDS;XIRECS;9993.0;4
767700;BOT_TAKER;SUBMISSION;EMERALDS;XIRECS;10007.0;5
767900;BOT;SUBMISSION;TOMATOES;XIRECS;5002.0;3
770300;SUBMISSION;BOT_TAKER;TOMATOES;XIRECS;4995.0;3
770600;SUBMISSION;BOT_TAKER;EMERALDS;XIRECS;9993.0;5
770700;BOT_TAKER;SUBMISSION;EMERALDS;XIRECS;10007.0;5
770900;SUBMISSION;BOT_TAKER;EMERALDS;XIRECS;9993.0;8
771400;BOT;SUBMISSION;EMERALDS;XIRECS;10000.0;5
772000;SUBMISSION;BOT_TAKER;EMERALDS;XIRECS;9993.0;6
773300;BOT_MAKER;BOT_TAKER;TOMATOES;XIRECS;4999.0;5
774400;BOT_TAKER;SUBMISSION;TOMATOES;XIRECS;5003.0;3
774600;SUBMISSION;BOT_TAKER;TOMATOES;XIRECS;4993.0;3
776300;BOT;SUBMISSION;TOMATOES;XIRECS;4998.0;2
777600;BOT_TAKER;SUBMISSION;EMERALDS;XIRECS;10007.0;6
778500;BOT;SUBMISSION;EMERALDS;XIRECS;10000.0;7
781700;BOT;SUBMISSION;EMERALDS;XIRECS;10000.0;5
782500;SUBMISSION;BOT;EMERALDS;XIRECS;10000.0;6
782700;BOT_TAKER;SUBMISSION;TOMATOES;XIRECS;5006.0;5
783100;BOT_TAKER;BOT_MAKER;TOMATOES;XIRECS;5006.0;3
783600;SUBMISSION;BOT;EMERALDS;XIRECS;10000.0;6
784600;BOT_TAKER;SUBMISSION;TOMATOES;XIRECS;5004.0;4
785300;BOT_TAKER;BOT_MAKER;TOMATOES;XIRECS;5005.0;5
785600;SUBMISSION;BOT_TAKER;TOMATOES;XIRECS;4993.0;2
785800;BOT;SUBMISSION;EMERALDS;XIRECS;10000.0;6
787600;SUBMISSION;BOT_TAKER;TOMATOES;XIRECS;4992.0;3
787800;SUBMISSION;BOT_TAKER;TOMATOES;XIRECS;4993.0;4
788700;SUBMISSION;BOT;EMERALDS;XIRECS;10000.0;7
788900;SUBMISSION;BOT_TAKER;TOMATOES;XIRECS;4992.0;3
791800;BOT;SUBMISSION;TOMATOES;XIRECS;4998.0;6
792800;BOT_TAKER;SUBMISSION;TOMATOES;XIRECS;5003.0;4
792900;SUBMISSION;BOT_TAKER;TOMATOES;XIRECS;4992.0;3
794100;SUBMISSION;BOT_TAKER;TOMATOES;XIRECS;4992.0;5
794500;SUBMISSION;BOT_TAKER;EMERALDS;XIRECS;9993.0;4
798000;SUBMISSION;BOT_TAKER;EMERALDS;XIRECS;9993.0;4
799000;BOT_TAKER;SUBMISSION;TOMATOES;XIRECS;5003.0;5
799300;SUBMISSION;BOT_TAKER;TOMATOES;XIRECS;4992.0;4
800100;SUBMISSION;BOT_TAKER;TOMATOES;XIRECS;4991.0;2
800700;BOT_MAKER;BOT_TAKER;TOMATOES;XIRECS;4992.0;3
801000;BOT_TAKER;SUBMISSION;EMERALDS;XIRECS;10007.0;5
803000;BOT_TAKER;SUBMISSION;EMERALDS;XIRECS;10007.0;6
805900;SUBMISSION;BOT;EMERALDS;XIRECS;10000.0;7
808100;BOT_TAKER;SUBMISSION;TOMATOES;XIRECS;5005.0;4
808400;SUBMISSION;BOT_TAKER;TOMATOES;XIRECS;4993.0;5
809800;BOT;SUBMISSION;TOMATOES;XIRECS;4999.0;5
810800;BOT_TAKER;SUBMISSION;TOMATOES;XIRECS;5004.0;4
812200;BOT;SUBMISSION;EMERALDS;XIRECS;10000.0;6
812300;BOT_TAKER;BOT_MAKER;TOMATOES;XIRECS;5006.0;4
812500;BOT_TAKER;BOT_MAKER;TOMATOES;XIRECS;5006.0;5
813200;BOT_TAKER;SUBMISSION;TOMATOES;XIRECS;5005.0;5
813600;BOT_TAKER;BOT_MAKER;TOMATOES;XIRECS;5007.0;5
814000;SUBMISSION;BOT;TOMATOES;XIRECS;5002.0;3
814500;SUBMISSION;BOT_TAKER;TOMATOES;XIRECS;4996.0;5
816200;BOT_TAKER;SUBMISSION;EMERALDS;XIRECS;10007.0;8
816500;SUBMISSION;BOT;TOMATOES;XIRECS;4998.0;5
816900;SUBMISSION;BOT;EMERALDS;XIRECS;10000.0;7
819200;BOT_TAKER;SUBMISSION;TOMATOES;XIRECS;5005.0;2
819300;SUBMISSION;BOT;EMERALDS;XIRECS;10000.0;6
820000;SUBMISSION;BOT;EMERALDS;XIRECS;10000.0;10
820100;BOT_TAKER;BOT_MAKER;TOMATOES;XIRECS;4998.0;5
820500;BOT_TAKER;SUBMISSION;TOMATOES;XIRECS;5005.0;5
821400;SUBMISSION;BOT;TOMATOES;XIRECS;5000.0;6
821600;BOT_TAKER;SUBMISSION;EMERALDS;XIRECS;10007.0;5
822100;BOT_MAKER;BOT_TAKER;TOMATOES;XIRECS;4997.0;2
822200;BOT_TAKER;SUBMISSION;EMERALDS;XIRECS;10007.0;7
822600;BOT_MAKER;BOT_TAKER;TOMATOES;XIRECS;4996.0;3
823000;SUBMISSION;BOT_TAKER;EMERALDS;XIRECS;9993.0;3
823900;BOT_TAKER;SUBMISSION;EMERALDS;XIRECS;10007.0;3
825600;BOT_TAKER;SUBMISSION;TOMATOES;XIRECS;5009.0;4
826000;SUBMISSION;BOT_TAKER;TOMATOES;XIRECS;4997.0;3
826100;SUBMISSION;BOT;EMERALDS;XIRECS;10000.0;8
827300;BOT_TAKER;SUBMISSION;TOMATOES;XIRECS;5009.0;2
828100;BOT_TAKER;SUBMISSION;EMERALDS;XIRECS;10007.0;4
829500;SUBMISSION;BOT_TAKER;EMERALDS;XIRECS;9993.0;3
830800;BOT;SUBMISSION;EMERALDS;XIRECS;10000.0;7
836300;SUBMISSION;BOT_TAKER;TOMATOES;XIRECS;4994.0;3
837600;BOT_TAKER;SUBMISSION;TOMATOES;XIRECS;5001.0;4
838400;SUBMISSION;BOT;TOMATOES;XIRECS;4995.0;5
838900;BOT_TAKER;SUBMISSION;TOMATOES;XIRECS;5002.0;3
839400;BOT_TAKER;SUBMISSION;EMERALDS;XIRECS;10007.0;7
840100;BOT;SUBMISSION;EMERALDS;XIRECS;10000.0;5
840300;BOT_MAKER;BOT_TAKER;TOMATOES;XIRECS;4993.0;2
840400;BOT;SUBMISSION;EMERALDS;XIRECS;10000.0;8
840600;BOT;SUBMISSION;TOMATOES;XIRECS;5001.0;11
841100;SUBMISSION;BOT;TOMATOES;XIRECS;5000.0;5
841400;BOT_TAKER;SUBMISSION;EMERALDS;XIRECS;10007.0;8
841900;SUBMISSION;BOT;EMERALDS;XIRECS;10000.0;6
843000;BOT;SUBMISSION;EMERALDS;XIRECS;10000.0;6
843700;SUBMISSION;BOT_TAKER;TOMATOES;XIRECS;4996.0;2
844300;BOT_TAKER;SUBMISSION;EMERALDS;XIRECS;10007.0;3
844300;BOT_TAKER;BOT_MAKER;EMERALDS;XIRECS;10008.0;3
844900;SUBMISSION;BOT;TOMATOES;XIRECS;4999.0;4
845800;BOT_TAKER;BOT_MAKER;EMERALDS;XIRECS;10008.0;8
846700;BOT_TAKER;SUBMISSION;TOMATOES;XIRECS;5005.0;5
847600;BOT_TAKER;SUBMISSION;TOMATOES;XIRECS;5008.0;3
848000;SUBMISSION;BOT_TAKER;TOMATOES;XIRECS;4995.0;3
848700;SUBMISSION;BOT_TAKER;EMERALDS;XIRECS;10000.0;6
848800;SUBMISSION;BOT_TAKER;EMERALDS;XIRECS;10000.0;8
850100;SUBMISSION;BOT;EMERALDS;XIRECS;10000.0;6
850200;SUBMISSION;BOT_TAKER;EMERALDS;XIRECS;9993.0;6
851100;SUBMISSION;BOT_TAKER;TOMATOES;XIRECS;4996.0;3
852400;BOT;SUBMISSION;EMERALDS;XIRECS;10000.0;5
854600;BOT_TAKER;SUBMISSION;EMERALDS;XIRECS;10007.0;3
855100;BOT_TAKER;SUBMISSION;EMERALDS;XIRECS;10007.0;7
855700;SUBMISSION;BOT;EMERALDS;XIRECS;10000.0;7
857700;SUBMISSION;BOT_TAKER;TOMATOES;XIRECS;4999.0;4
858200;SUBMISSION;BOT;EMERALDS;XIRECS;10000.0;7
859000;SUBMISSION;BOT;EMERALDS;XIRECS;10000.0;10
859200;BOT;SUBMISSION;EMERALDS;XIRECS;10000.0;6
859700;SUBMISSION;BOT_TAKER;EMERALDS;XIRECS;9993.0;6
860700;BOT_TAKER;SUBMISSION;EMERALDS;XIRECS;10007.0;6
861100;BOT;SUBMISSION;EMERALDS;XIRECS;10000.0;7
861800;SUBMISSION;BOT;EMERALDS;XIRECS;10000.0;8
863200;SUBMISSION;BOT;EMERALDS;XIRECS;10000.0;6
864900;SUBMISSION;BOT_TAKER;TOMATOES;XIRECS;4996.0;5
865300;SUBMISSION;BOT_TAKER;EMERALDS;XIRECS;9993.0;6
865500;SUBMISSION;BOT;EMERALDS;XIRECS;10000.0;6
866900;BOT;SUBMISSION;TOMATOES;XIRECS;5000.0;6
868000;SUBMISSION;BOT_TAKER;TOMATOES;XIRECS;4995.0;4
868100;BOT;SUBMISSION;TOMATOES;XIRECS;5000.0;4
868200;SUBMISSION;BOT_TAKER;EMERALDS;XIRECS;9993.0;7
868900;SUBMISSION;BOT;EMERALDS;XIRECS;10000.0;5
870800;BOT_TAKER;BOT_MAKER;TOMATOES;XIRECS;5000.0;3
871300;SUBMISSION;BOT;EMERALDS;XIRECS;10000.0;8
872000;SUBMISSION;BOT_TAKER;TOMATOES;XIRECS;4993.0;2
872700;BOT_MAKER;BOT_TAKER;TOMATOES;XIRECS;4990.0;2
873300;BOT_TAKER;SUBMISSION;TOMATOES;XIRECS;5003.0;5
874100;BOT_TAKER;SUBMISSION;TOMATOES;XIRECS;5003.0;5
874200;SUBMISSION;BOT_TAKER;TOMATOES;XIRECS;4992.0;2
876000;SUBMISSION;BOT;TOMATOES;XIRECS;5000.0;6
876300;BOT;SUBMISSION;EMERALDS;XIRECS;10000.0;6
876400;SUBMISSION;BOT_TAKER;TOMATOES;XIRECS;4993.0;2
877100;BOT_MAKER;BOT_TAKER;TOMATOES;XIRECS;4994.0;2
880000;BOT;SUBMISSION;TOMATOES;XIRECS;5004.0;3
880100;SUBMISSION;BOT_TAKER;TOMATOES;XIRECS;4998.0;3
880200;BOT_TAKER;SUBMISSION;TOMATOES;XIRECS;5009.0;2
880900;SUBMISSION;BOT_TAKER;EMERALDS;XIRECS;9993.0;6
881300;BOT;SUBMISSION;EMERALDS;XIRECS;10000.0;6
883000;BOT;SUBMISSION;EMERALDS;XIRECS;10000.0;6
884500;BOT_TAKER;SUBMISSION;TOMATOES;XIRECS;5008.0;3
887300;SUBMISSION;BOT;EMERALDS;XIRECS;10000.0;8
889400;BOT_TAKER;SUBMISSION;TOMATOES;XIRECS;5008.0;4
890600;BOT_TAKER;SUBMISSION;EMERALDS;XIRECS;10007.0;6
891300;SUBMISSION;BOT_TAKER;TOMATOES;XIRECS;5000.0;3
891600;SUBMISSION;BOT;EMERALDS;XIRECS;10000.0;9
891800;BOT_TAKER;SUBMISSION;EMERALDS;XIRECS;10007.0;7
891900;BOT_TAKER;SUBMISSION;TOMATOES;XIRECS;5009.0;3
893800;SUBMISSION;BOT;EMERALDS;XIRECS;10000.0;6
893900;SUBMISSION;BOT;TOMATOES;XIRECS;5006.0;10
895900;BOT_MAKER;BOT_TAKER;TOMATOES;XIRECS;4996.0;4
896700;SUBMISSION;BOT_TAKER;EMERALDS;XIRECS;9993.0;6
897000;SUBMISSION;BOT;EMERALDS;XIRECS;10000.0;10
897200;BOT_TAKER;SUBMISSION;TOMATOES;XIRECS;5007.0;5
897600;SUBMISSION;BOT_TAKER;TOMATOES;XIRECS;4998.0;2
899700;SUBMISSION;BOT_TAKER;TOMATOES;XIRECS;5003.0;2
900100;SUBMISSION;BOT_TAKER;EMERALDS;XIRECS;9993.0;7
901900;BOT_MAKER;BOT_TAKER;TOMATOES;XIRECS;5003.0;5
906100;SUBMISSION;BOT_TAKER;TOMATOES;XIRECS;4998.0;3
906400;BOT;SUBMISSION;TOMATOES;XIRECS;5005.0;11
908500;BOT_TAKER;SUBMISSION;EMERALDS;XIRECS;10007.0;8
908800;BOT;SUBMISSION;EMERALDS;XIRECS;10000.0;7
909500;SUBMISSION;BOT;TOMATOES;XIRECS;5007.0;5
911700;BOT_TAKER;SUBMISSION;TOMATOES;XIRECS;5014.0;3
912200;BOT_TAKER;SUBMISSION;EMERALDS;XIRECS;10007.0;8
912900;SUBMISSION;BOT;EMERALDS;XIRECS;10000.0;9
913100;SUBMISSION;BOT;TOMATOES;XIRECS;5005.0;7
913900;SUBMISSION;BOT_TAKER;EMERALDS;XIRECS;9993.0;5
915200;BOT_TAKER;SUBMISSION;TOMATOES;XIRECS;5012.0;5
916100;SUBMISSION;BOT_TAKER;TOMATOES;XIRECS;5000.0;5
916900;BOT_TAKER;SUBMISSION;TOMATOES;XIRECS;5011.0;5
918000;SUBMISSION;BOT_TAKER;EMERALDS;XIRECS;9993.0;3
918900;SUBMISSION;BOT_TAKER;TOMATOES;XIRECS;4998.0;3
919100;BOT_TAKER;SUBMISSION;TOMATOES;XIRECS;5009.0;5
919400;SUBMISSION;BOT_TAKER;TOMATOES;XIRECS;4997.0;3
919800;SUBMISSION;BOT_TAKER;TOMATOES;XIRECS;4999.0;2
920100;SUBMISSION;BOT_TAKER;TOMATOES;XIRECS;4999.0;4
920800;BOT_TAKER;SUBMISSION;TOMATOES;XIRECS;5014.0;5
922600;BOT;SUBMISSION;EMERALDS;XIRECS;10000.0;9
924300;BOT;SUBMISSION;TOMATOES;XIRECS;5007.0;7
924500;SUBMISSION;BOT_TAKER;TOMATOES;XIRECS;5001.0;3
924700;SUBMISSION;BOT;EMERALDS;XIRECS;10000.0;8
925600;BOT;SUBMISSION;EMERALDS;XIRECS;10000.0;8
925800;SUBMISSION;BOT_TAKER;EMERALDS;XIRECS;9993.0;5
925900;BOT_TAKER;SUBMISSION;TOMATOES;XIRECS;5012.0;5
926200;BOT_TAKER;BOT_MAKER;TOMATOES;XIRECS;5012.0;2
926300;SUBMISSION;BOT;TOMATOES;XIRECS;5004.0;5
927400;BOT;SUBMISSION;EMERALDS;XIRECS;10000.0;10
927700;SUBMISSION;BOT_TAKER;EMERALDS;XIRECS;9993.0;8
928600;SUBMISSION;BOT_TAKER;TOMATOES;XIRECS;5004.0;4
928700;BOT_MAKER;BOT_TAKER;TOMATOES;XIRECS;5009.0;2
929200;BOT;SUBMISSION;TOMATOES;XIRECS;5012.0;5
929500;SUBMISSION;BOT_TAKER;TOMATOES;XIRECS;5006.0;2
929600;BOT_TAKER;SUBMISSION;TOMATOES;XIRECS;5018.0;3
929900;BOT;SUBMISSION;EMERALDS;XIRECS;10000.0;5
930100;SUBMISSION;BOT_TAKER;TOMATOES;XIRECS;5005.0;5
930500;SUBMISSION;BOT;EMERALDS;XIRECS;10000.0;6
930500;BOT_TAKER;SUBMISSION;TOMATOES;XIRECS;5018.0;4
932600;SUBMISSION;BOT;EMERALDS;XIRECS;10000.0;8
933500;SUBMISSION;BOT;TOMATOES;XIRECS;5012.0;6
934800;BOT;SUBMISSION;EMERALDS;XIRECS;10000.0;8
935100;BOT_MAKER;BOT_TAKER;TOMATOES;XIRECS;5004.0;3
935800;BOT_TAKER;SUBMISSION;TOMATOES;XIRECS;5017.0;2
936300;BOT_TAKER;SUBMISSION;TOMATOES;XIRECS;5017.0;2
937400;BOT_TAKER;SUBMISSION;TOMATOES;XIRECS;5018.0;5
939400;BOT_TAKER;SUBMISSION;EMERALDS;XIRECS;10007.0;8
940000;SUBMISSION;BOT;EMERALDS;XIRECS;10000.0;9
940500;SUBMISSION;BOT_TAKER;TOMATOES;XIRECS;5006.0;2
941200;SUBMISSION;BOT;EMERALDS;XIRECS;10000.0;9
942100;SUBMISSION;BOT_TAKER;TOMATOES;XIRECS;5004.0;2
943400;SUBMISSION;BOT_TAKER;TOMATOES;XIRECS;5001.0;5
944300;BOT;SUBMISSION;TOMATOES;XIRECS;5007.0;5
945100;SUBMISSION;BOT;TOMATOES;XIRECS;5006.0;9
948000;BOT;SUBMISSION;TOMATOES;XIRECS;5008.0;2
948100;BOT;SUBMISSION;EMERALDS;XIRECS;10000.0;9
948400;BOT;SUBMISSION;EMERALDS;XIRECS;10000.0;9
948800;BOT;SUBMISSION;EMERALDS;XIRECS;10000.0;7
948900;SUBMISSION;BOT_TAKER;TOMATOES;XIRECS;5003.0;4
949000;BOT_MAKER;BOT_TAKER;TOMATOES;XIRECS;5003.0;5
949100;BOT_TAKER;SUBMISSION;EMERALDS;XIRECS;10007.0;6
949200;BOT_TAKER;SUBMISSION;EMERALDS;XIRECS;10007.0;3
949900;BOT_TAKER;SUBMISSION;TOMATOES;XIRECS;5014.0;3
950600;SUBMISSION;BOT;EMERALDS;XIRECS;10000.0;6
950700;BOT_MAKER;BOT_TAKER;TOMATOES;XIRECS;5004.0;3
953200;SUBMISSION;BOT;EMERALDS;XIRECS;10000.0;7
953900;SUBMISSION;BOT;EMERALDS;XIRECS;10000.0;10
955200;SUBMISSION;BOT_TAKER;EMERALDS;XIRECS;9993.0;5
955500;BOT_TAKER;SUBMISSION;TOMATOES;XIRECS;5012.0;5
955900;BOT;SUBMISSION;EMERALDS;XIRECS;10000.0;7
955900;SUBMISSION;BOT_TAKER;TOMATOES;XIRECS;5001.0;2
957200;BOT_TAKER;SUBMISSION;EMERALDS;XIRECS;10007.0;5
957600;SUBMISSION;BOT_TAKER;TOMATOES;XIRECS;5000.0;3
958500;BOT;SUBMISSION;EMERALDS;XIRECS;10000.0;10
959200;BOT;SUBMISSION;EMERALDS;XIRECS;10000.0;10
960400;BOT;SUBMISSION;EMERALDS;XIRECS;10000.0;5
960400;BOT_TAKER;SUBMISSION;TOMATOES;XIRECS;5015.0;5
960600;BOT;SUBMISSION;EMERALDS;XIRECS;10000.0;8
962600;SUBMISSION;BOT_TAKER;TOMATOES;XIRECS;5006.0;4
962800;BOT;SUBMISSION;EMERALDS;XIRECS;10000.0;6
966800;BOT_TAKER;SUBMISSION;EMERALDS;XIRECS;10007.0;4
967900;SUBMISSION;BOT;EMERALDS;XIRECS;10000.0;10
968100;BOT;SUBMISSION;EMERALDS;XIRECS;10000.0;8
969300;BOT_TAKER;SUBMISSION;TOMATOES;XIRECS;5021.0;4
970200;BOT_TAKER;SUBMISSION;TOMATOES;XIRECS;5017.0;2
971900;SUBMISSION;BOT_TAKER;TOMATOES;XIRECS;5006.0;2
972500;BOT_TAKER;SUBMISSION;TOMATOES;XIRECS;5018.0;4
973600;SUBMISSION;BOT;EMERALDS;XIRECS;10000.0;6
973900;SUBMISSION;BOT;EMERALDS;XIRECS;10000.0;6
973900;SUBMISSION;BOT;TOMATOES;XIRECS;5013.0;3
974300;BOT_TAKER;SUBMISSION;TOMATOES;XIRECS;5019.0;3
975000;BOT_TAKER;SUBMISSION;TOMATOES;XIRECS;5020.0;4
975100;BOT_TAKER;BOT_MAKER;TOMATOES;XIRECS;5021.0;4
975200;SUBMISSION;BOT_TAKER;TOMATOES;XIRECS;5009.0;2
975800;SUBMISSION;BOT;EMERALDS;XIRECS;10000.0;9
976800;BOT_TAKER;SUBMISSION;EMERALDS;XIRECS;10007.0;4
977800;SUBMISSION;BOT_TAKER;TOMATOES;XIRECS;5011.0;2
978900;BOT_TAKER;SUBMISSION;TOMATOES;XIRECS;5022.0;4
979100;SUBMISSION;BOT;EMERALDS;XIRECS;10000.0;8
981900;BOT;SUBMISSION;EMERALDS;XIRECS;10000.0;7
982100;SUBMISSION;BOT_TAKER;EMERALDS;XIRECS;9993.0;5
984100;BOT;SUBMISSION;EMERALDS;XIRECS;10000.0;9
984100;SUBMISSION;BOT;TOMATOES;XIRECS;5015.0;6
985500;SUBMISSION;BOT_TAKER;EMERALDS;XIRECS;9993.0;7
985800;BOT_TAKER;SUBMISSION;TOMATOES;XIRECS;5021.0;2
987000;SUBMISSION;BOT_TAKER;TOMATOES;XIRECS;5013.0;3
987900;SUBMISSION;BOT_TAKER;TOMATOES;XIRECS;5013.0;5
991000;SUBMISSION;BOT_TAKER;TOMATOES;XIRECS;5013.0;4
991200;BOT;SUBMISSION;TOMATOES;XIRECS;5018.0;12
991700;BOT_TAKER;BOT_MAKER;TOMATOES;XIRECS;5025.0;4
991900;SUBMISSION;BOT_TAKER;EMERALDS;XIRECS;9993.0;7
994600;SUBMISSION;BOT_TAKER;TOMATOES;XIRECS;5012.0;3
996900;SUBMISSION;BOT_TAKER;TOMATOES;XIRECS;5012.0;2
997700;SUBMISSION;BOT_TAKER;TOMATOES;XIRECS;5013.0;3
998700;BOT;SUBMISSION;TOMATOES;XIRECS;5018.0;4
999200;SUBMISSION;BOT_TAKER;TOMATOES;XIRECS;5011.0;4
