timestamp;buyer;seller;symbol;currency;price;quantity
0;SUBMISSION;BOT_TAKER;TOMATOES;XIRECS;5000.0;5
1500;BOT_TAKER;SUBMISSION;TOMATOES;XIRECS;5014.0;5
1700;SUBMISSION;BOT_TAKER;TOMATOES;XIRECS;5003.0;3
2100;BOT;SUBMISSION;EMERALDS;XIRECS;10000.0;10
2100;BOT_MAKER;BOT_TAKER;TOMATOES;XIRECS;5004.0;2
2600;BOT_MAKER;BOT_TAKER;TOMATOES;XIRECS;5004.0;5
2700;BOT;SUBMISSION;EMERALDS;XIRECS;10000.0;9
2900;SUBMISSION;BOT_TAKER;EMERALDS;XIRECS;9993.0;5
4900;BOT_TAKER;SUBMISSION;TOMATOES;XIRECS;5021.0;2
6600;SUBMISSION;BOT_TAKER;EMERALDS;XIRECS;9993.0;5
6600;BOT_MAKER;BOT_TAKER;TOMATOES;XIRECS;5011.0;2
6600;SUBMISSION;BOT_TAKER;TOMATOES;XIRECS;5008.0;2
7800;BOT_TAKER;SUBMISSION;EMERALDS;XIRECS;10007.0;8
7900;SUBMISSION;BOT_TAKER;TOMATOES;XIRECS;5005.0;5
8200;BOT;SUBMISSION;TOMATOES;XIRECS;5010.0;5
8300;SUBMISSION;BOT;EMERALDS;XIRECS;10000.0;7
8600;SUBMISSION;BOT;EMERALDS;XIRECS;10000.0;10
8600;SUBMISSION;BOT_TAKER;TOMATOES;XIRECS;5006.0;3
9500;BOT_TAKER;SUBMISSION;TOMATOES;XIRECS;5016.0;4
10600;SUBMISSION;BOT_TAKER;TOMATOES;XIRECS;5006.0;2
12800;SUBMISSION;BOT;EMERALDS;XIRECS;10000.0;6
14900;BOT;SUBMISSION;EMERALDS;XIRECS;10000.0;7
16000;BOT_MAKER;BOT_TAKER;TOMATOES;XIRECS;5003.0;2
16300;BOT_TAKER;SUBMISSION;TOMATOES;XIRECS;5016.0;3
16800;SUBMISSION;BOT_TAKER;TOMATOES;XIRECS;5003.0;4
17000;BOT_TAKER;SUBMISSION;TOMATOES;XIRECS;5015.0;2
17800;SUBMISSION;BOT;EMERALDS;XIRECS;10000.0;6
18900;SUBMISSION;BOT;EMERALDS;XIRECS;10000.0;8
19200;SUBMISSION;BOT_TAKER;TOMATOES;XIRECS;5001.0;4
19800;SUBMISSION;BOT_TAKER;TOMATOES;XIRECS;5000.0;2
20600;BOT;SUBMISSION;TOMATOES;XIRECS;5008.0;8
20700;SUBMISSION;BOT_TAKER;TOMATOES;XIRECS;5000.0;4
20900;SUBMISSION;BOT_TAKER;EMERALDS;XIRECS;9993.0;7
21000;BOT;SUBMISSION;EMERALDS;XIRECS;10000.0;6
22400;BOT;SUBMISSION;TOMATOES;XIRECS;5005.0;10
23200;BOT_TAKER;SUBMISSION;EMERALDS;XIRECS;10007.0;7
23900;SUBMISSION;BOT;TOMATOES;XIRECS;5006.0;2
26800;SUBMISSION;BOT;TOMATOES;XIRECS;5006.0;3
28200;BOT_TAKER;SUBMISSION;EMERALDS;XIRECS;10007.0;8
28600;SUBMISSION;BOT_TAKER;TOMATOES;XIRECS;5001.0;3
31600;SUBMISSION;BOT_TAKER;TOMATOES;XIRECS;5000.0;3
33000;BOT_TAKER;SUBMISSION;TOMATOES;XIRECS;5010.0;3
34500;BOT_TAKER;SUBMISSION;EMERALDS;XIRECS;10007.0;8
35000;BOT_TAKER;SUBMISSION;TOMATOES;XIRECS;5011.0;4
35500;SUBMISSION;BOT_TAKER;TOMATOES;XIRECS;5000.0;4
36500;BOT_TAKER;SUBMISSION;TOMATOES;XIRECS;5012.0;3
36600;SUBMISSION;BOT_TAKER;TOMATOES;XIRECS;5002.0;4
39000;BOT_TAKER;SUBMISSION;EMERALDS;XIRECS;10007.0;6
40100;SUBMISSION;BOT_TAKER;EMERALDS;XIRECS;9993.0;8
42000;BOT_TAKER;SUBMISSION;EMERALDS;XIRECS;10007.0;5
43700;BOT_TAKER;SUBMISSION;EMERALDS;XIRECS;10007.0;3
43900;BOT;SUBMISSION;EMERALDS;XIRECS;10000.0;5
43900;SUBMISSION;BOT_TAKER;TOMATOES;XIRECS;4999.0;2
45300;BOT;SUBMISSION;TOMATOES;XIRECS;5006.0;5
45300;BOT_TAKER;SUBMISSION;TOMATOES;XIRECS;5012.0;3
45600;SUBMISSION;BOT_TAKER;EMERALDS;XIRECS;9993.0;5
46700;BOT_TAKER;BOT_MAKER;TOMATOES;XIRECS;5012.0;4
47500;BOT;SUBMISSION;EMERALDS;XIRECS;10000.0;9
47900;SUBMISSION;BOT_TAKER;TOMATOES;XIRECS;5000.0;4
49500;SUBMISSION;BOT;EMERALDS;XIRECS;10000.0;9
49600;SUBMISSION;BOT_TAKER;EMERALDS;XIRECS;9993.0;3
49900;BOT_TAKER;SUBMISSION;EMERALDS;XIRECS;10007.0;5
50900;SUBMISSION;BOT;EMERALDS;XIRECS;10000.0;6
51000;BOT_TAKER;SUBMISSION;EMERALDS;XIRECS;10007.0;8
52400;SUBMISSION;BOT_TAKER;EMERALDS;XIRECS;9993.0;5
53500;SUBMISSION;BOT_TAKER;EMERALDS;XIRECS;9993.0;5
53600;SUBMISSION;BOT;EMERALDS;XIRECS;10000.0;10
54900;SUBMISSION;BOT_TAKER;TOMATOES;XIRECS;4995.0;2
55000;BOT_TAKER;SUBMISSION;EMERALDS;XIRECS;10007.0;7
59700;BOT;SUBMISSION;EMERALDS;XIRECS;10000.0;5
59800;BOT;SUBMISSION;EMERALDS;XIRECS;10000.0;10
61300;BOT_TAKER;BOT_MAKER;TOMATOES;XIRECS;5000.0;2
61300;BOT_TAKER;SUBMISSION;TOMATOES;XIRECS;5001.0;2
67400;BOT_TAKER;SUBMISSION;EMERALDS;XIRECS;10007.0;8
69900;BOT;SUBMISSION;EMERALDS;XIRECS;10000.0;10
70000;SUBMISSION;BOT;EMERALDS;XIRECS;10000.0;5
72500;SUBMISSION;BOT;EMERALDS;XIRECS;10000.0;5
73000;SUBMISSION;BOT_TAKER;TOMATOES;XIRECS;4995.0;4
73300;BOT;SUBMISSION;TOMATOES;XIRECS;5000.0;4
74000;BOT;SUBMISSION;EMERALDS;XIRECS;10000.0;6
75700;SUBMISSION;BOT;EMERALDS;XIRECS;10000.0;10
76100;SUBMISSION;BOT_TAKER;EMERALDS;XIRECS;9993.0;5
77600;SUBMISSION;BOT_TAKER;TOMATOES;XIRECS;4998.0;3
78000;SUBMISSION;BOT_TAKER;EMERALDS;XIRECS;9993.0;6
78400;BOT;SUBMISSION;TOMATOES;XIRECS;5004.0;10
79300;SUBMISSION;BOT;EMERALDS;XIRECS;10000.0;5
79600;BOT;SUBMISSION;EMERALDS;XIRECS;10000.0;5
79700;SUBMISSION;BOT_TAKER;TOMATOES;XIRECS;4994.0;3
80500;BOT_TAKER;SUBMISSION;TOMATOES;XIRECS;5008.0;3
80700;BOT_TAKER;BOT_MAKER;TOMATOES;XIRECS;5009.0;2
82100;SUBMISSION;BOT;EMERALDS;XIRECS;10000.0;10
82300;SUBMISSION;BOT_TAKER;EMERALDS;XIRECS;9993.0;4
82400;BOT;SUBMISSION;EMERALDS;XIRECS;10000.0;10
83900;BOT;SUBMISSION;EMERALDS;XIRECS;10000.0;7
86500;SUBMISSION;BOT;EMERALDS;XIRECS;10000.0;5
87100;SUBMISSION;BOT;EMERALDS;XIRECS;10000.0;9
87100;BOT_TAKER;SUBMISSION;EMERALDS;XIRECS;10001.0;3
88900;SUBMISSION;BOT_TAKER;EMERALDS;XIRECS;9993.0;4
89200;SUBMISSION;BOT;TOMATOES;XIRECS;4998.0;10
90600;BOT;SUBMISSION;EMERALDS;XIRECS;10000.0;5
92300;SUBMISSION;BOT_TAKER;EMERALDS;XIRECS;9993.0;6
92900;BOT_TAKER;BOT_MAKER;TOMATOES;XIRECS;4999.0;4
93100;SUBMISSION;BOT_TAKER;EMERALDS;XIRECS;9993.0;5
94600;BOT_TAKER;SUBMISSION;TOMATOES;XIRECS;5008.0;5
95800;SUBMISSION;BOT;EMERALDS;XIRECS;10000.0;9
96200;BOT_TAKER;SUBMISSION;TOMATOES;XIRECS;5007.0;2
96300;SUBMISSION;BOT_TAKER;TOMATOES;XIRECS;4996.0;4
97500;SUBMISSION;BOT_TAKER;EMERALDS;XIRECS;9993.0;7
97900;SUBMISSION;BOT_TAKER;TOMATOES;XIRECS;4993.0;2
99800;BOT;SUBMISSION;TOMATOES;XIRECS;4999.0;3
101200;BOT_TAKER;SUBMISSION;TOMATOES;XIRECS;5003.0;4
103200;SUBMISSION;BOT_TAKER;EMERALDS;XIRECS;9993.0;7
104100;SUBMISSION;BOT;EMERALDS;XIRECS;10000.0;10
107200;BOT_TAKER;SUBMISSION;TOMATOES;XIRECS;5014.0;2
107400;BOT;SUBMISSION;EMERALDS;XIRECS;10000.0;10
108000;SUBMISSION;BOT;EMERALDS;XIRECS;10000.0;6
108800;BOT;SUBMISSION;EMERALDS;XIRECS;10000.0;10
111000;BOT_TAKER;SUBMISSION;TOMATOES;XIRECS;5013.0;5
112800;SUBMISSION;BOT;EMERALDS;XIRECS;10000.0;7
113700;SUBMISSION;BOT;TOMATOES;XIRECS;5007.0;3
114200;SUBMISSION;BOT_TAKER;TOMATOES;XIRECS;5001.0;4
116900;SUBMISSION;BOT;TOMATOES;XIRECS;5009.0;7
117200;SUBMISSION;BOT;EMERALDS;XIRECS;10000.0;8
118000;BOT;SUBMISSION;TOMATOES;XIRECS;5011.0;6
118400;SUBMISSION;BOT;EMERALDS;XIRECS;10000.0;6
118500;BOT;SUBMISSION;EMERALDS;XIRECS;10000.0;5
120400;SUBMISSION;BOT_TAKER;TOMATOES;XIRECS;5007.0;2
120700;BOT;SUBMISSION;EMERALDS;XIRECS;10000.0;5
122800;BOT_TAKER;SUBMISSION;TOMATOES;XIRECS;5016.0;5
122900;SUBMISSION;BOT;EMERALDS;XIRECS;10000.0;7
123300;SUBMISSION;BOT_TAKER;TOMATOES;XIRECS;5005.0;3
125100;BOT_TAKER;SUBMISSION;TOMATOES;XIRECS;5017.0;4
125200;SUBMISSION;BOT_TAKER;TOMATOES;XIRECS;5006.0;4
125800;BOT;SUBMISSION;EMERALDS;XIRECS;10000.0;8
126800;SUBMISSION;BOT;EMERALDS;XIRECS;10000.0;8
127000;SUBMISSION;BOT_TAKER;TOMATOES;XIRECS;5007.0;2
127400;SUBMISSION;BOT_TAKER;EMERALDS;XIRECS;9993.0;3
128400;BOT_TAKER;SUBMISSION;TOMATOES;XIRECS;5021.0;5
130400;BOT;SUBMISSION;EMERALDS;XIRECS;10000.0;7
131700;SUBMISSION;BOT_TAKER;TOMATOES;XIRECS;5019.0;4
132600;SUBMISSION;BOT;EMERALDS;XIRECS;10000.0;5
133100;SUBMISSION;BOT;EMERALDS;XIRECS;10000.0;10
133400;BOT_TAKER;SUBMISSION;TOMATOES;XIRECS;5031.0;4
133800;SUBMISSION;BOT_TAKER;EMERALDS;XIRECS;9993.0;7
134000;SUBMISSION;BOT;TOMATOES;XIRECS;5019.0;5
134700;BOT_TAKER;BOT_MAKER;TOMATOES;XIRECS;5027.0;4
136600;SUBMISSION;BOT_TAKER;TOMATOES;XIRECS;5014.0;3
137700;BOT_TAKER;SUBMISSION;TOMATOES;XIRECS;5023.0;4
138800;SUBMISSION;BOT;EMERALDS;XIRECS;10000.0;8
138900;BOT_TAKER;SUBMISSION;TOMATOES;XIRECS;5023.0;2
141500;SUBMISSION;BOT_TAKER;TOMATOES;XIRECS;5016.0;3
142000;BOT_TAKER;SUBMISSION;TOMATOES;XIRECS;5029.0;2
144200;SUBMISSION;BOT;EMERALDS;XIRECS;10000.0;10
145500;BOT_TAKER;SUBMISSION;TOMATOES;XIRECS;5033.0;4
145800;BOT_TAKER;SUBMISSION;TOMATOES;XIRECS;5033.0;5
146200;SUBMISSION;BOT_TAKER;TOMATOES;XIRECS;5023.0;4
146400;BOT;SUBMISSION;EMERALDS;XIRECS;10000.0;8
146900;BOT;SUBMISSION;EMERALDS;XIRECS;10000.0;7
147200;SUBMISSION;BOT;EMERALDS;XIRECS;10000.0;7
148100;SUBMISSION;BOT_TAKER;TOMATOES;XIRECS;5019.0;2
148200;SUBMISSION;BOT;TOMATOES;XIRECS;5025.0;6
151300;SUBMISSION;BOT_TAKER;EMERALDS;XIRECS;9993.0;6
151900;SUBMISSION;BOT;EMERALDS;XIRECS;10000.0;5
154300;BOT_TAKER;SUBMISSION;TOMATOES;XIRECS;5033.0;2
160500;SUBMISSION;BOT_TAKER;TOMATOES;XIRECS;5018.0;3
162300;BOT_TAKER;SUBMISSION;TOMATOES;XIRECS;5030.0;5
164800;BOT;SUBMISSION;EMERALDS;XIRECS;10000.0;7
165200;SUBMISSION;BOT;TOMATOES;XIRECS;5020.0;3
165300;BOT;SUBMISSION;EMERALDS;XIRECS;10000.0;9
167000;BOT;SUBMISSION;EMERALDS;XIRECS;10000.0;5
167200;SUBMISSION;BOT_TAKER;TOMATOES;XIRECS;5015.0;3
168600;BOT_TAKER;SUBMISSION;TOMATOES;XIRECS;5028.0;2
169500;SUBMISSION;BOT_TAKER;EMERALDS;XIRECS;9993.0;8
170100;BOT;SUBMISSION;EMERALDS;XIRECS;10000.0;7
172100;BOT;SUBMISSION;EMERALDS;XIRECS;10000.0;8
172100;BOT_TAKER;SUBMISSION;TOMATOES;XIRECS;5027.0;5
172200;BOT_TAKER;BOT_MAKER;TOMATOES;XIRECS;5027.0;2
172700;SUBMISSION;BOT;EMERALDS;XIRECS;10000.0;10
173700;SUBMISSION;BOT;EMERALDS;XIRECS;10000.0;5
175900;BOT;SUBMISSION;EMERALDS;XIRECS;10000.0;6
178200;SUBMISSION;BOT_TAKER;TOMATOES;XIRECS;5017.0;2
178500;SUBMISSION;BOT;EMERALDS;XIRECS;10000.0;8
179300;BOT;SUBMISSION;EMERALDS;XIRECS;10000.0;10
179400;BOT_TAKER;SUBMISSION;TOMATOES;XIRECS;5029.0;5
180200;SUBMISSION;BOT_TAKER;EMERALDS;XIRECS;9993.0;3
180400;SUBMISSION;BOT;EMERALDS;XIRECS;10000.0;5
180500;SUBMISSION;BOT;EMERALDS;XIRECS;10000.0;5
180700;BOT_TAKER;BOT_MAKER;TOMATOES;XIRECS;5031.0;3
181500;SUBMISSION;BOT_TAKER;TOMATOES;XIRECS;5017.0;2
184000;BOT_TAKER;SUBMISSION;TOMATOES;XIRECS;5029.0;5
184100;SUBMISSION;BOT_TAKER;TOMATOES;XIRECS;5017.0;4
184400;BOT_TAKER;SUBMISSION;EMERALDS;XIRECS;10000.0;7
184600;SUBMISSION;BOT_TAKER;TOMATOES;XIRECS;5017.0;3
184800;SUBMISSION;BOT;TOMATOES;XIRECS;5021.0;12
185200;BOT_TAKER;SUBMISSION;TOMATOES;XIRECS;5029.0;4
187800;BOT_TAKER;SUBMISSION;EMERALDS;XIRECS;10007.0;8
187900;BOT_MAKER;BOT_TAKER;TOMATOES;XIRECS;5023.0;5
189800;BOT;SUBMISSION;EMERALDS;XIRECS;10000.0;10
190200;BOT;SUBMISSION;TOMATOES;XIRECS;5031.0;6
190400;BOT;SUBMISSION;EMERALDS;XIRECS;10000.0;9
190600;SUBMISSION;BOT_TAKER;TOMATOES;XIRECS;5028.0;3
190900;BOT;SUBMISSION;EMERALDS;XIRECS;10000.0;6
191000;BOT_TAKER;SUBMISSION;TOMATOES;XIRECS;5038.0;4
191200;BOT_TAKER;SUBMISSION;EMERALDS;XIRECS;10007.0;8
192700;SUBMISSION;BOT_TAKER;TOMATOES;XIRECS;5026.0;2
194900;BOT;SUBMISSION;EMERALDS;XIRECS;10000.0;9
198900;SUBMISSION;BOT_TAKER;TOMATOES;XIRECS;5019.0;3
199900;SUBMISSION;BOT_TAKER;EMERALDS;XIRECS;9993.0;8
200900;BOT_TAKER;SUBMISSION;EMERALDS;XIRECS;10007.0;7
201800;BOT;SUBMISSION;EMERALDS;XIRECS;10000.0;5
201900;SUBMISSION;BOT_TAKER;EMERALDS;XIRECS;9993.0;4
202300;BOT;SUBMISSION;TOMATOES;XIRECS;5032.0;9
202800;BOT_TAKER;SUBMISSION;EMERALDS;XIRECS;10007.0;5
203500;SUBMISSION;BOT;EMERALDS;XIRECS;10000.0;5
203800;SUBMISSION;BOT;EMERALDS;XIRECS;10000.0;9
205100;SUBMISSION;BOT_TAKER;TOMATOES;XIRECS;5025.0;3
205200;SUBMISSION;BOT;EMERALDS;XIRECS;10000.0;8
205500;SUBMISSION;BOT_TAKER;EMERALDS;XIRECS;9993.0;6
206900;SUBMISSION;BOT_TAKER;TOMATOES;XIRECS;5026.0;4
207000;BOT_TAKER;SUBMISSION;EMERALDS;XIRECS;10007.0;6
207900;SUBMISSION;BOT_TAKER;TOMATOES;XIRECS;5022.0;3
210800;SUBMISSION;BOT_TAKER;TOMATOES;XIRECS;5023.0;2
211700;BOT;SUBMISSION;EMERALDS;XIRECS;10000.0;8
211800;SUBMISSION;BOT_TAKER;TOMATOES;XIRECS;5022.0;4
212200;SUBMISSION;BOT_TAKER;EMERALDS;XIRECS;9993.0;5
213500;BOT;SUBMISSION;TOMATOES;XIRECS;5029.0;3
214900;BOT_MAKER;BOT_TAKER;TOMATOES;XIRECS;5023.0;5
215200;BOT_MAKER;BOT_TAKER;TOMATOES;XIRECS;5023.0;4
219400;SUBMISSION;BOT;EMERALDS;XIRECS;10000.0;7
220500;BOT_TAKER;SUBMISSION;EMERALDS;XIRECS;10007.0;5
220600;BOT_MAKER;BOT_TAKER;TOMATOES;XIRECS;5019.0;5
221700;BOT_TAKER;SUBMISSION;EMERALDS;XIRECS;10007.0;8
223100;BOT;SUBMISSION;TOMATOES;XIRECS;5025.0;5
223400;BOT_TAKER;SUBMISSION;TOMATOES;XIRECS;5030.0;3
225600;BOT;SUBMISSION;EMERALDS;XIRECS;10000.0;6
226200;BOT_TAKER;SUBMISSION;EMERALDS;XIRECS;10007.0;7
227100;BOT_TAKER;SUBMISSION;TOMATOES;XIRECS;5030.0;4
228400;BOT;SUBMISSION;EMERALDS;XIRECS;10000.0;5
229300;BOT_TAKER;BOT_MAKER;TOMATOES;XIRECS;5033.0;5
229700;SUBMISSION;BOT_TAKER;EMERALDS;XIRECS;9993.0;6
230400;SUBMISSION;BOT_TAKER;TOMATOES;XIRECS;5021.0;4
233200;SUBMISSION;BOT_TAKER;TOMATOES;XIRECS;5020.0;2
233300;BOT;SUBMISSION;EMERALDS;XIRECS;10000.0;8
234000;SUBMISSION;BOT_TAKER;TOMATOES;XIRECS;5019.0;3
234300;SUBMISSION;BOT_TAKER;EMERALDS;XIRECS;9993.0;4
234900;BOT_MAKER;BOT_TAKER;TOMATOES;XIRECS;5020.0;3
237100;SUBMISSION;BOT_TAKER;TOMATOES;XIRECS;5023.0;2
238500;BOT;SUBMISSION;TOMATOES;XIRECS;5026.0;4
238600;SUBMISSION;BOT;EMERALDS;XIRECS;10000.0;8
238900;SUBMISSION;BOT_TAKER;TOMATOES;XIRECS;5020.0;3
239200;SUBMISSION;BOT;EMERALDS;XIRECS;10000.0;9
242700;SUBMISSION;BOT_TAKER;EMERALDS;XIRECS;9993.0;6
243200;BOT_TAKER;SUBMISSION;EMERALDS;XIRECS;10007.0;3
247400;SUBMISSION;BOT_TAKER;TOMATOES;XIRECS;5020.0;4
248900;SUBMISSION;BOT_TAKER;EMERALDS;XIRECS;9993.0;8
249900;BOT_MAKER;BOT_TAKER;TOMATOES;XIRECS;5018.0;3
250200;BOT;SUBMISSION;EMERALDS;XIRECS;10000.0;6
250900;BOT_TAKER;SUBMISSION;EMERALDS;XIRECS;10007.0;5
252200;BOT_MAKER;BOT_TAKER;TOMATOES;XIRECS;5021.0;3
255000;BOT_TAKER;SUBMISSION;EMERALDS;XIRECS;10007.0;7
256100;BOT;SUBMISSION;TOMATOES;XIRECS;5029.0;6
256800;BOT_TAKER;SUBMISSION;EMERALDS;XIRECS;10007.0;5
258100;BOT;SUBMISSION;TOMATOES;XIRECS;5035.0;10
258700;SUBMISSION;BOT;EMERALDS;XIRECS;10000.0;8
258800;BOT_TAKER;BOT_MAKER;TOMATOES;XIRECS;5039.0;5
259300;BOT;SUBMISSION;EMERALDS;XIRECS;10000.0;8
261500;SUBMISSION;BOT;EMERALDS;XIRECS;10000.0;9
261500;SUBMISSION;BOT_TAKER;TOMATOES;XIRECS;5033.0;3
261800;SUBMISSION;BOT_TAKER;EMERALDS;XIRECS;9993.0;4
262600;SUBMISSION;BOT_TAKER;TOMATOES;XIRECS;5034.0;5
263400;SUBMISSION;BOT_TAKER;TOMATOES;XIRECS;5033.0;2
264000;SUBMISSION;BOT_TAKER;EMERALDS;XIRECS;9993.0;5
265900;SUBMISSION;BOT_TAKER;EMERALDS;XIRECS;9993.0;7
267800;BOT_TAKER;SUBMISSION;EMERALDS;XIRECS;10007.0;7
267900;SUBMISSION;BOT_TAKER;TOMATOES;XIRECS;5035.0;4
268600;BOT_TAKER;SUBMISSION;TOMATOES;XIRECS;5046.0;3
269100;BOT;SUBMISSION;TOMATOES;XIRECS;5040.0;2
269100;BOT_MAKER;BOT_TAKER;TOMATOES;XIRECS;5034.0;4
269500;SUBMISSION;BOT_TAKER;EMERALDS;XIRECS;9993.0;7
270300;BOT;SUBMISSION;EMERALDS;XIRECS;10000.0;10
270800;BOT_TAKER;SUBMISSION;EMERALDS;XIRECS;10007.0;3
271000;SUBMISSION;BOT_TAKER;EMERALDS;XIRECS;9993.0;6
271200;SUBMISSION;BOT_TAKER;TOMATOES;XIRECS;5034.0;3
271400;BOT_TAKER;SUBMISSION;EMERALDS;XIRECS;10007.0;7
272700;SUBMISSION;BOT_TAKER;TOMATOES;XIRECS;5032.0;2
274400;BOT;SUBMISSION;EMERALDS;XIRECS;10000.0;5
274500;BOT_MAKER;BOT_TAKER;TOMATOES;XIRECS;5032.0;3
276500;BOT_MAKER;BOT_TAKER;TOMATOES;XIRECS;5034.0;3
277400;BOT_TAKER;SUBMISSION;TOMATOES;XIRECS;5044.0;4
277900;SUBMISSION;BOT_TAKER;EMERALDS;XIRECS;9993.0;8
278500;SUBMISSION;BOT;EMERALDS;XIRECS;10000.0;10
280200;SUBMISSION;BOT;EMERALDS;XIRECS;10000.0;5
280300;SUBMISSION;BOT;EMERALDS;XIRECS;10000.0;9
280600;BOT_TAKER;SUBMISSION;TOMATOES;XIRECS;5043.0;5
282800;SUBMISSION;BOT;EMERALDS;XIRECS;10000.0;5
284700;SUBMISSION;BOT;EMERALDS;XIRECS;10000.0;7
285500;SUBMISSION;BOT_TAKER;TOMATOES;XIRECS;5039.0;2
286100;SUBMISSION;BOT_TAKER;EMERALDS;XIRECS;9993.0;5
286800;SUBMISSION;BOT_TAKER;EMERALDS;XIRECS;9993.0;5
287000;BOT;SUBMISSION;EMERALDS;XIRECS;10000.0;5
288200;BOT_TAKER;SUBMISSION;EMERALDS;XIRECS;10007.0;7
288800;SUBMISSION;BOT_TAKER;TOMATOES;XIRECS;5042.0;4
289100;SUBMISSION;BOT;EMERALDS;XIRECS;10000.0;9
289900;SUBMISSION;BOT_TAKER;TOMATOES;XIRECS;5041.0;2
290800;BOT_TAKER;SUBMISSION;TOMATOES;XIRECS;5053.0;3
291500;BOT;SUBMISSION;TOMATOES;XIRECS;5048.0;2
292300;SUBMISSION;BOT_TAKER;TOMATOES;XIRECS;5043.0;4
293600;BOT;SUBMISSION;TOMATOES;XIRECS;5049.0;3
294400;BOT;SUBMISSION;EMERALDS;XIRECS;10000.0;10
295400;BOT_TAKER;SUBMISSION;TOMATOES;XIRECS;5059.0;3
296600;SUBMISSION;BOT_TAKER;TOMATOES;XIRECS;5046.0;2
296900;SUBMISSION;BOT_TAKER;TOMATOES;XIRECS;5047.0;4
297700;SUBMISSION;BOT_TAKER;EMERALDS;XIRECS;9993.0;5
298600;BOT_TAKER;SUBMISSION;TOMATOES;XIRECS;5059.0;5
301100;SUBMISSION;BOT_TAKER;TOMATOES;XIRECS;5048.0;5
302600;BOT;SUBMISSION;EMERALDS;XIRECS;10000.0;5
304200;BOT_TAKER;SUBMISSION;TOMATOES;XIRECS;5059.0;2
304900;BOT_TAKER;SUBMISSION;TOMATOES;XIRECS;5058.0;2
305700;BOT;SUBMISSION;EMERALDS;XIRECS;10000.0;8
305900;SUBMISSION;BOT_TAKER;TOMATOES;XIRECS;5047.0;2
306500;BOT_TAKER;BOT_MAKER;TOMATOES;XIRECS;5054.0;4
307400;BOT_TAKER;SUBMISSION;TOMATOES;XIRECS;5059.0;4
308000;SUBMISSION;BOT_TAKER;TOMATOES;XIRECS;5048.0;3
308300;BOT_TAKER;SUBMISSION;EMERALDS;XIRECS;10007.0;8
308800;BOT_TAKER;SUBMISSION;TOMATOES;XIRECS;5059.0;3
309500;BOT_TAKER;SUBMISSION;EMERALDS;XIRECS;10007.0;8
310800;SUBMISSION;BOT_TAKER;EMERALDS;XIRECS;9993.0;4
311400;SUBMISSION;BOT;EMERALDS;XIRECS;10000.0;5
311600;BOT_TAKER;SUBMISSION;TOMATOES;XIRECS;5057.0;3
316500;SUBMISSION;BOT_TAKER;EMERALDS;XIRECS;9993.0;6
317800;SUBMISSION;BOT;TOMATOES;XIRECS;5055.0;4
318200;BOT_TAKER;SUBMISSION;EMERALDS;XIRECS;10007.0;7
318400;BOT;SUBMISSION;EMERALDS;XIRECS;10000.0;10
318600;SUBMISSION;BOT_TAKER;TOMATOES;XIRECS;5049.0;3
319800;BOT_TAKER;SUBMISSION;TOMATOES;XIRECS;5061.0;2
320700;SUBMISSION;BOT_TAKER;TOMATOES;XIRECS;5047.0;3
321700;BOT_TAKER;SUBMISSION;TOMATOES;XIRECS;5060.0;2
322000;BOT;SUBMISSION;TOMATOES;XIRECS;5056.0;7
324100;SUBMISSION;BOT_TAKER;EMERALDS;XIRECS;9993.0;7
324800;BOT;SUBMISSION;EMERALDS;XIRECS;10000.0;7
325000;BOT;SUBMISSION;EMERALDS;XIRECS;10000.0;5
325300;SUBMISSION;BOT;EMERALDS;XIRECS;10000.0;8
325400;BOT_TAKER;BOT_MAKER;TOMATOES;XIRECS;5064.0;2
326000;BOT;SUBMISSION;EMERALDS;XIRECS;10000.0;6
327100;BOT_TAKER;SUBMISSION;TOMATOES;XIRECS;5065.0;3
329000;SUBMISSION;BOT;EMERALDS;XIRECS;10000.0;10
329100;BOT;SUBMISSION;EMERALDS;XIRECS;10000.0;6
330200;SUBMISSION;BOT;TOMATOES;XIRECS;5061.0;5
330300;BOT_TAKER;SUBMISSION;TOMATOES;XIRECS;5065.0;4
333000;BOT;SUBMISSION;EMERALDS;XIRECS;10000.0;10
333400;BOT_TAKER;SUBMISSION;EMERALDS;XIRECS;10007.0;4
334100;SUBMISSION;BOT_TAKER;TOMATOES;XIRECS;5054.0;3
335200;SUBMISSION;BOT;EMERALDS;XIRECS;10000.0;9
335500;SUBMISSION;BOT_TAKER;EMERALDS;XIRECS;9993.0;5
336400;BOT_TAKER;SUBMISSION;TOMATOES;XIRECS;5067.0;5
337200;BOT;SUBMISSION;EMERALDS;XIRECS;10000.0;7
337700;BOT;SUBMISSION;EMERALDS;XIRECS;10000.0;9
337800;BOT;SUBMISSION;EMERALDS;XIRECS;10000.0;7
338500;SUBMISSION;BOT_TAKER;TOMATOES;XIRECS;5056.0;3
338800;SUBMISSION;BOT_TAKER;TOMATOES;XIRECS;5055.0;4
339100;BOT_TAKER;SUBMISSION;TOMATOES;XIRECS;5068.0;5
339400;SUBMISSION;BOT;EMERALDS;XIRECS;10000.0;6
342500;SUBMISSION;BOT;EMERALDS;XIRECS;10000.0;8
344400;BOT_TAKER;BOT_MAKER;TOMATOES;XIRECS;5073.0;5
344700;BOT;SUBMISSION;EMERALDS;XIRECS;10000.0;8
344800;SUBMISSION;BOT;EMERALDS;XIRECS;10000.0;9
345200;BOT_TAKER;BOT_MAKER;TOMATOES;XIRECS;5073.0;3
345600;SUBMISSION;BOT_TAKER;EMERALDS;XIRECS;9993.0;5
348900;SUBMISSION;BOT;EMERALDS;XIRECS;10000.0;5
349600;SUBMISSION;BOT;TOMATOES;XIRECS;5061.0;5
353600;BOT_TAKER;SUBMISSION;EMERALDS;XIRECS;10007.0;4
354300;SUBMISSION;BOT;EMERALDS;XIRECS;10000.0;5
354300;BOT_TAKER;SUBMISSION;TOMATOES;XIRECS;5075.0;5
354900;SUBMISSION;BOT;TOMATOES;XIRECS;5070.0;5
359000;SUBMISSION;BOT;TOMATOES;XIRECS;5068.0;11
359400;BOT;SUBMISSION;TOMATOES;XIRECS;5070.0;11
360100;SUBMISSION;BOT;EMERALDS;XIRECS;10000.0;8
361400;SUBMISSION;BOT;TOMATOES;XIRECS;5066.0;10
361700;SUBMISSION;BOT;EMERALDS;XIRECS;10000.0;6
363300;BOT_MAKER;BOT_TAKER;TOMATOES;XIRECS;5059.0;3
363400;BOT;SUBMISSION;TOMATOES;XIRECS;5065.0;5
364300;BOT_MAKER;BOT_TAKER;TOMATOES;XIRECS;5059.0;4
364500;BOT;SUBMISSION;EMERALDS;XIRECS;10000.0;10
364600;BOT;SUBMISSION;TOMATOES;XIRECS;5066.0;5
365200;BOT;SUBMISSION;EMERALDS;XIRECS;10000.0;10
366600;SUBMISSION;BOT_TAKER;EMERALDS;XIRECS;9993.0;7
367100;SUBMISSION;BOT;TOMATOES;XIRECS;5064.0;5
367100;SUBMISSION;BOT_TAKER;EMERALDS;XIRECS;9993.0;4
367400;BOT_TAKER;SUBMISSION;EMERALDS;XIRECS;10007.0;7
368100;BOT_TAKER;SUBMISSION;TOMATOES;XIRECS;5073.0;5
369400;BOT;SUBMISSION;EMERALDS;XIRECS;10000.0;9
369500;SUBMISSION;BOT;EMERALDS;XIRECS;10000.0;8
370500;BOT_TAKER;SUBMISSION;TOMATOES;XIRECS;5074.0;4
370600;BOT;SUBMISSION;EMERALDS;XIRECS;10000.0;7
371200;BOT;SUBMISSION;EMERALDS;XIRECS;10000.0;9
372700;BOT_TAKER;BOT_MAKER;TOMATOES;XIRECS;5075.0;2
374000;BOT_MAKER;BOT_TAKER;TOMATOES;XIRECS;5066.0;4
374000;SUBMISSION;BOT_TAKER;TOMATOES;XIRECS;5065.0;1
375300;BOT_TAKER;SUBMISSION;EMERALDS;XIRECS;10007.0;5
375400;SUBMISSION;BOT;EMERALDS;XIRECS;10000.0;6
376100;SUBMISSION;BOT_TAKER;TOMATOES;XIRECS;5063.0;3
378000;BOT_TAKER;SUBMISSION;EMERALDS;XIRECS;10007.0;7
380700;SUBMISSION;BOT_TAKER;TOMATOES;XIRECS;5062.0;3
382600;SUBMISSION;BOT;EMERALDS;XIRECS;10000.0;5
384100;SUBMISSION;BOT_TAKER;TOMATOES;XIRECS;5060.0;3
385100;SUBMISSION;BOT;EMERALDS;XIRECS;10000.0;5
386400;BOT_TAKER;SUBMISSION;TOMATOES;XIRECS;5070.0;5
387400;BOT;SUBMISSION;EMERALDS;XIRECS;10000.0;8
389100;SUBMISSION;BOT;EMERALDS;XIRECS;10000.0;7
390600;SUBMISSION;BOT;EMERALDS;XIRECS;10000.0;5
393000;BOT;SUBMISSION;EMERALDS;XIRECS;10000.0;9
393900;SUBMISSION;BOT;EMERALDS;XIRECS;10000.0;10
394200;SUBMISSION;BOT;EMERALDS;XIRECS;10000.0;8
395300;SUBMISSION;BOT;TOMATOES;XIRECS;5068.0;11
395600;BOT_MAKER;BOT_TAKER;TOMATOES;XIRECS;5062.0;2
396200;BOT;SUBMISSION;EMERALDS;XIRECS;10000.0;6
396900;BOT_MAKER;BOT_TAKER;TOMATOES;XIRECS;5063.0;2
397100;BOT_TAKER;SUBMISSION;EMERALDS;XIRECS;10007.0;8
397200;BOT_MAKER;BOT_TAKER;TOMATOES;XIRECS;5063.0;3
400700;SUBMISSION;BOT;EMERALDS;XIRECS;10000.0;6
400700;BOT;SUBMISSION;TOMATOES;XIRECS;5069.0;2
401300;SUBMISSION;BOT;EMERALDS;XIRECS;10000.0;5
401400;BOT_MAKER;BOT_TAKER;TOMATOES;XIRECS;5064.0;4
402200;BOT_MAKER;BOT_TAKER;TOMATOES;XIRECS;5065.0;5
402700;SUBMISSION;BOT_TAKER;EMERALDS;XIRECS;9993.0;3
403200;BOT;SUBMISSION;TOMATOES;XIRECS;5071.0;4
403900;SUBMISSION;BOT_TAKER;TOMATOES;XIRECS;5068.0;4
404500;BOT_MAKER;BOT_TAKER;TOMATOES;XIRECS;5067.0;2
404700;BOT;SUBMISSION;TOMATOES;XIRECS;5072.0;5
405100;SUBMISSION;BOT_TAKER;EMERALDS;XIRECS;9993.0;3
405600;BOT;SUBMISSION;EMERALDS;XIRECS;10000.0;10
410000;BOT_TAKER;SUBMISSION;TOMATOES;XIRECS;5078.0;3
410500;SUBMISSION;BOT_TAKER;EMERALDS;XIRECS;9993.0;5
412600;SUBMISSION;BOT_TAKER;TOMATOES;XIRECS;5065.0;2
414100;SUBMISSION;BOT_TAKER;EMERALDS;XIRECS;9993.0;8
416600;BOT_TAKER;SUBMISSION;TOMATOES;XIRECS;5077.0;2
418000;BOT_TAKER;SUBMISSION;TOMATOES;XIRECS;5073.0;2
418500;BOT_TAKER;SUBMISSION;TOMATOES;XIRECS;5074.0;4
418800;SUBMISSION;BOT;TOMATOES;XIRECS;5069.0;2
419200;BOT_TAKER;BOT_MAKER;TOMATOES;XIRECS;5074.0;3
420300;SUBMISSION;BOT;EMERALDS;XIRECS;10000.0;8
422800;SUBMISSION;BOT_TAKER;TOMATOES;XIRECS;5062.0;2
424700;BOT_TAKER;SUBMISSION;TOMATOES;XIRECS;5077.0;5
427100;SUBMISSION;BOT;TOMATOES;XIRECS;5072.0;4
427300;SUBMISSION;BOT_TAKER;EMERALDS;XIRECS;9993.0;5
427400;BOT;SUBMISSION;EMERALDS;XIRECS;10000.0;9
429500;SUBMISSION;BOT_TAKER;TOMATOES;XIRECS;5064.0;5
430700;BOT_TAKER;SUBMISSION;TOMATOES;XIRECS;5081.0;5
431300;BOT_TAKER;SUBMISSION;TOMATOES;XIRECS;5080.0;3
432200;BOT_TAKER;SUBMISSION;EMERALDS;XIRECS;10007.0;5
433000;SUBMISSION;BOT;EMERALDS;XIRECS;10000.0;7
433900;BOT;SUBMISSION;EMERALDS;XIRECS;10000.0;7
434200;BOT_TAKER;SUBMISSION;EMERALDS;XIRECS;10007.0;6
435200;SUBMISSION;BOT;TOMATOES;XIRECS;5079.0;5
436000;SUBMISSION;BOT_TAKER;TOMATOES;XIRECS;5075.0;5
436700;BOT;SUBMISSION;EMERALDS;XIRECS;10000.0;10
437700;SUBMISSION;BOT;EMERALDS;XIRECS;10000.0;9
438900;BOT;SUBMISSION;EMERALDS;XIRECS;10000.0;6
441000;BOT_TAKER;SUBMISSION;TOMATOES;XIRECS;5080.0;3
442100;BOT_TAKER;SUBMISSION;TOMATOES;XIRECS;5080.0;3
443000;SUBMISSION;BOT_TAKER;TOMATOES;XIRECS;5069.0;4
445300;BOT;SUBMISSION;EMERALDS;XIRECS;10000.0;6
445500;BOT;SUBMISSION;EMERALDS;XIRECS;10000.0;6
450500;BOT_TAKER;BOT_MAKER;TOMATOES;XIRECS;5078.0;4
451300;BOT;SUBMISSION;EMERALDS;XIRECS;10000.0;8
452100;SUBMISSION;BOT_TAKER;TOMATOES;XIRECS;5071.0;3
452200;BOT_MAKER;BOT_TAKER;TOMATOES;XIRECS;5070.0;2
453100;BOT;SUBMISSION;EMERALDS;XIRECS;10000.0;9
455000;BOT_MAKER;BOT_TAKER;TOMATOES;XIRECS;5068.0;4
456100;SUBMISSION;BOT_TAKER;TOMATOES;XIRECS;5067.0;2
456800;SUBMISSION;BOT;EMERALDS;XIRECS;10000.0;8
457600;BOT;SUBMISSION;TOMATOES;XIRECS;5074.0;6
457900;SUBMISSION;BOT_TAKER;TOMATOES;XIRECS;5069.0;2
458200;BOT_MAKER;BOT_TAKER;TOMATOES;XIRECS;5069.0;4
460100;BOT;SUBMISSION;TOMATOES;XIRECS;5078.0;8
460600;SUBMISSION;BOT;EMERALDS;XIRECS;10000.0;9
460900;SUBMISSION;BOT_TAKER;EMERALDS;XIRECS;9993.0;7
460900;BOT_TAKER;BOT_MAKER;TOMATOES;XIRECS;5082.0;2
462700;SUBMISSION;BOT;TOMATOES;XIRECS;5073.0;9
464000;BOT_TAKER;SUBMISSION;TOMATOES;XIRECS;5080.0;4
465200;SUBMISSION;BOT;EMERALDS;XIRECS;10000.0;5
465600;SUBMISSION;BOT;EMERALDS;XIRECS;10000.0;10
465800;SUBMISSION;BOT;EMERALDS;XIRECS;10000.0;5
467100;SUBMISSION;BOT;TOMATOES;XIRECS;5070.0;12
467300;SUBMISSION;BOT;EMERALDS;XIRECS;10000.0;6
467500;BOT;SUBMISSION;TOMATOES;XIRECS;5072.0;5
467900;BOT;SUBMISSION;TOMATOES;XIRECS;5071.0;6
468100;BOT_TAKER;SUBMISSION;EMERALDS;XIRECS;10007.0;5
468200;BOT;SUBMISSION;EMERALDS;XIRECS;10000.0;10
468600;BOT_TAKER;SUBMISSION;TOMATOES;XIRECS;5079.0;5
469900;BOT;SUBMISSION;EMERALDS;XIRECS;10000.0;8
470500;BOT;SUBMISSION;EMERALDS;XIRECS;10000.0;5
472000;BOT_TAKER;SUBMISSION;TOMATOES;XIRECS;5073.0;3
473100;SUBMISSION;BOT_TAKER;TOMATOES;XIRECS;5062.0;3
473800;SUBMISSION;BOT_TAKER;EMERALDS;XIRECS;9993.0;7
474300;BOT_TAKER;BOT_MAKER;TOMATOES;XIRECS;5073.0;3
474400;SUBMISSION;BOT_TAKER;EMERALDS;XIRECS;9993.0;4
474700;SUBMISSION;BOT_TAKER;TOMATOES;XIRECS;5062.0;3
475100;SUBMISSION;BOT_TAKER;TOMATOES;XIRECS;5063.0;4
477100;BOT_TAKER;SUBMISSION;TOMATOES;XIRECS;5076.0;5
478300;SUBMISSION;BOT_TAKER;TOMATOES;XIRECS;5066.0;5
479000;BOT_TAKER;SUBMISSION;EMERALDS;XIRECS;10007.0;8
480000;BOT_TAKER;SUBMISSION;TOMATOES;XIRECS;5073.0;3
480400;BOT_TAKER;SUBMISSION;EMERALDS;XIRECS;10007.0;3
480500;SUBMISSION;BOT;TOMATOES;XIRECS;5064.0;9
480600;BOT;SUBMISSION;TOMATOES;XIRECS;5065.0;6
480900;BOT_TAKER;SUBMISSION;EMERALDS;XIRECS;10007.0;5
480900;BOT_TAKER;SUBMISSION;TOMATOES;XIRECS;5073.0;3
481100;SUBMISSION;BOT;EMERALDS;XIRECS;10000.0;6
481300;BOT_TAKER;SUBMISSION;TOMATOES;XIRECS;5070.0;2
481700;SUBMISSION;BOT;TOMATOES;XIRECS;5065.0;4
481900;SUBMISSION;BOT_TAKER;EMERALDS;XIRECS;9993.0;8
481900;SUBMISSION;BOT_TAKER;TOMATOES;XIRECS;5059.0;4
483700;SUBMISSION;BOT;EMERALDS;XIRECS;10000.0;6
484100;BOT;SUBMISSION;TOMATOES;XIRECS;5063.0;4
485900;BOT;SUBMISSION;TOMATOES;XIRECS;5066.0;2
487700;BOT_TAKER;SUBMISSION;TOMATOES;XIRECS;5070.0;5
488000;SUBMISSION;BOT_TAKER;TOMATOES;XIRECS;5061.0;2
491000;SUBMISSION;BOT;EMERALDS;XIRECS;10000.0;7
491600;SUBMISSION;BOT_TAKER;TOMATOES;XIRECS;5062.0;5
492900;BOT_TAKER;SUBMISSION;TOMATOES;XIRECS;5074.0;3
493800;BOT_TAKER;SUBMISSION;TOMATOES;XIRECS;5074.0;2
494300;BOT_TAKER;BOT_MAKER;TOMATOES;XIRECS;5074.0;5
494400;SUBMISSION;BOT_TAKER;TOMATOES;XIRECS;5062.0;2
494700;BOT_TAKER;SUBMISSION;EMERALDS;XIRECS;10007.0;8
495000;SUBMISSION;BOT;TOMATOES;XIRECS;5066.0;5
496500;BOT_TAKER;SUBMISSION;TOMATOES;XIRECS;5073.0;4
497000;SUBMISSION;BOT_TAKER;EMERALDS;XIRECS;9993.0;6
497700;BOT;SUBMISSION;EMERALDS;XIRECS;10000.0;9
499500;SUBMISSION;BOT;EMERALDS;XIRECS;10000.0;5
499700;BOT_TAKER;SUBMISSION;TOMATOES;XIRECS;5078.0;3
500600;BOT;SUBMISSION;EMERALDS;XIRECS;10000.0;9
501100;SUBMISSION;BOT_TAKER;TOMATOES;XIRECS;5067.0;4
501400;BOT;SUBMISSION;EMERALDS;XIRECS;10000.0;7
502400;BOT;SUBMISSION;EMERALDS;XIRECS;10000.0;8
505500;BOT_TAKER;SUBMISSION;TOMATOES;XIRECS;5083.0;5
506000;SUBMISSION;BOT_TAKER;TOMATOES;XIRECS;5070.0;2
509000;BOT;SUBMISSION;EMERALDS;XIRECS;10000.0;7
509200;SUBMISSION;BOT_TAKER;TOMATOES;XIRECS;5073.0;3
512700;BOT_TAKER;SUBMISSION;TOMATOES;XIRECS;5082.0;3
516000;SUBMISSION;BOT_TAKER;EMERALDS;XIRECS;9993.0;7
517300;BOT_TAKER;SUBMISSION;TOMATOES;XIRECS;5083.0;2
519400;SUBMISSION;BOT_TAKER;TOMATOES;XIRECS;5077.0;2
520100;BOT;SUBMISSION;EMERALDS;XIRECS;10000.0;7
521300;BOT_TAKER;SUBMISSION;TOMATOES;XIRECS;5092.0;3
522500;BOT_TAKER;SUBMISSION;TOMATOES;XIRECS;5094.0;4
522700;SUBMISSION;BOT;TOMATOES;XIRECS;5088.0;6
522800;BOT_TAKER;SUBMISSION;TOMATOES;XIRECS;5094.0;4
524600;SUBMISSION;BOT;TOMATOES;XIRECS;5089.0;3
525900;BOT_TAKER;BOT_MAKER;TOMATOES;XIRECS;5095.0;4
526500;BOT_TAKER;SUBMISSION;EMERALDS;XIRECS;10007.0;4
527900;BOT;SUBMISSION;EMERALDS;XIRECS;10000.0;6
528500;BOT_TAKER;SUBMISSION;EMERALDS;XIRECS;10007.0;4
529700;BOT;SUBMISSION;EMERALDS;XIRECS;10000.0;5
529900;SUBMISSION;BOT_TAKER;TOMATOES;XIRECS;5084.0;3
530000;BOT_TAKER;SUBMISSION;EMERALDS;XIRECS;10007.0;7
531100;BOT;SUBMISSION;EMERALDS;XIRECS;10000.0;6
531200;SUBMISSION;BOT_TAKER;EMERALDS;XIRECS;9993.0;7
532900;SUBMISSION;BOT;EMERALDS;XIRECS;10000.0;8
534100;SUBMISSION;BOT;EMERALDS;XIRECS;10000.0;7
535700;BOT;SUBMISSION;EMERALDS;XIRECS;10000.0;9
535700;SUBMISSION;BOT_TAKER;TOMATOES;XIRECS;5088.0;4
537700;BOT_TAKER;SUBMISSION;TOMATOES;XIRECS;5098.0;3
540000;SUBMISSION;BOT;EMERALDS;XIRECS;10000.0;8
540300;SUBMISSION;BOT_TAKER;TOMATOES;XIRECS;5085.0;3
540600;BOT;SUBMISSION;EMERALDS;XIRECS;10000.0;10
541200;SUBMISSION;BOT_TAKER;EMERALDS;XIRECS;9993.0;8
544500;BOT_TAKER;SUBMISSION;EMERALDS;XIRECS;10007.0;5
545100;BOT_TAKER;SUBMISSION;EMERALDS;XIRECS;10007.0;3
545400;BOT_TAKER;SUBMISSION;TOMATOES;XIRECS;5095.0;2
545500;SUBMISSION;BOT;EMERALDS;XIRECS;10000.0;7
547300;BOT_TAKER;SUBMISSION;EMERALDS;XIRECS;10007.0;3
550700;SUBMISSION;BOT;TOMATOES;XIRECS;5089.0;2
552200;SUBMISSION;BOT_TAKER;EMERALDS;XIRECS;9993.0;6
552600;BOT_MAKER;BOT_TAKER;TOMATOES;XIRECS;5084.0;5
553800;BOT;SUBMISSION;TOMATOES;XIRECS;5092.0;6
554000;BOT;SUBMISSION;EMERALDS;XIRECS;10000.0;8
554700;SUBMISSION;BOT_TAKER;TOMATOES;XIRECS;5086.0;3
557300;BOT_TAKER;SUBMISSION;TOMATOES;XIRECS;5093.0;5
558100;SUBMISSION;BOT;EMERALDS;XIRECS;10000.0;9
558900;SUBMISSION;BOT_TAKER;TOMATOES;XIRECS;5078.0;3
560000;BOT;SUBMISSION;EMERALDS;XIRECS;10000.0;7
560400;BOT;SUBMISSION;EMERALDS;XIRECS;10000.0;10
560600;SUBMISSION;BOT;TOMATOES;XIRECS;5083.0;3
561600;BOT_TAKER;SUBMISSION;EMERALDS;XIRECS;10007.0;6
563900;BOT;SUBMISSION;TOMATOES;XIRECS;5091.0;10
564200;SUBMISSION;BOT_TAKER;TOMATOES;XIRECS;5084.0;2
565700;SUBMISSION;BOT_TAKER;TOMATOES;XIRECS;5083.0;5
568400;SUBMISSION;BOT_TAKER;EMERALDS;XIRECS;9993.0;6
568700;BOT_TAKER;SUBMISSION;EMERALDS;XIRECS;10007.0;8
571500;SUBMISSION;BOT_TAKER;TOMATOES;XIRECS;5078.0;2
571600;BOT_TAKER;SUBMISSION;TOMATOES;XIRECS;5089.0;3
571700;SUBMISSION;BOT_TAKER;EMERALDS;XIRECS;9993.0;3
573400;SUBMISSION;BOT_TAKER;EMERALDS;XIRECS;9993.0;8
573600;SUBMISSION;BOT_TAKER;EMERALDS;XIRECS;9993.0;4
574700;SUBMISSION;BOT_TAKER;TOMATOES;XIRECS;5083.0;2
575000;SUBMISSION;BOT_TAKER;TOMATOES;XIRECS;5082.0;2
576400;BOT_TAKER;SUBMISSION;EMERALDS;XIRECS;10007.0;8
577200;SUBMISSION;BOT;EMERALDS;XIRECS;10000.0;5
577200;BOT_TAKER;SUBMISSION;TOMATOES;XIRECS;5097.0;4
578400;SUBMISSION;BOT_TAKER;TOMATOES;XIRECS;5085.0;5
579300;SUBMISSION;BOT_TAKER;TOMATOES;XIRECS;5085.0;3
580200;SUBMISSION;BOT;EMERALDS;XIRECS;10000.0;7
580500;SUBMISSION;BOT;EMERALDS;XIRECS;10000.0;10
583800;BOT_TAKER;SUBMISSION;EMERALDS;XIRECS;10007.0;6
583800;BOT_TAKER;SUBMISSION;TOMATOES;XIRECS;5099.0;2
584200;BOT_TAKER;SUBMISSION;EMERALDS;XIRECS;10007.0;4
584300;BOT_TAKER;SUBMISSION;EMERALDS;XIRECS;10007.0;3
584500;SUBMISSION;BOT_TAKER;TOMATOES;XIRECS;5088.0;3
584800;BOT;SUBMISSION;TOMATOES;XIRECS;5092.0;3
584900;SUBMISSION;BOT;EMERALDS;XIRECS;10000.0;8
585800;SUBMISSION;BOT_TAKER;EMERALDS;XIRECS;9993.0;6
586300;BOT_MAKER;BOT_TAKER;TOMATOES;XIRECS;5089.0;2
586600;SUBMISSION;BOT_TAKER;EMERALDS;XIRECS;9993.0;6
587000;SUBMISSION;BOT_TAKER;EMERALDS;XIRECS;9993.0;4
587800;BOT_TAKER;SUBMISSION;TOMATOES;XIRECS;5100.0;5
588400;SUBMISSION;BOT;EMERALDS;XIRECS;10000.0;10
592800;SUBMISSION;BOT;TOMATOES;XIRECS;5096.0;5
593800;BOT_TAKER;SUBMISSION;EMERALDS;XIRECS;10007.0;5
595400;BOT;SUBMISSION;EMERALDS;XIRECS;10000.0;9
595700;SUBMISSION;BOT_TAKER;TOMATOES;XIRECS;5094.0;4
596500;BOT_TAKER;SUBMISSION;TOMATOES;XIRECS;5106.0;5
596900;BOT;SUBMISSION;EMERALDS;XIRECS;10000.0;8
597000;BOT_TAKER;SUBMISSION;TOMATOES;XIRECS;5107.0;2
597200;BOT_TAKER;SUBMISSION;TOMATOES;XIRECS;5107.0;5
597300;BOT;SUBMISSION;EMERALDS;XIRECS;10000.0;6
597600;SUBMISSION;BOT;TOMATOES;XIRECS;5099.0;11
597800;BOT;SUBMISSION;TOMATOES;XIRECS;5101.0;6
597800;BOT_TAKER;SUBMISSION;TOMATOES;XIRECS;5106.0;5
598300;BOT_TAKER;BOT_MAKER;TOMATOES;XIRECS;5108.0;2
598800;SUBMISSION;BOT;TOMATOES;XIRECS;5103.0;2
600900;SUBMISSION;BOT;EMERALDS;XIRECS;10000.0;9
603000;SUBMISSION;BOT_TAKER;TOMATOES;XIRECS;5093.0;4
607000;BOT_TAKER;SUBMISSION;TOMATOES;XIRECS;5105.0;5
607100;SUBMISSION;BOT;TOMATOES;XIRECS;5098.0;10
607600;SUBMISSION;BOT_TAKER;EMERALDS;XIRECS;9993.0;4
607700;SUBMISSION;BOT;EMERALDS;XIRECS;10000.0;7
608100;SUBMISSION;BOT_TAKER;EMERALDS;XIRECS;9993.0;6
608200;BOT;SUBMISSION;TOMATOES;XIRECS;5100.0;2
608700;BOT;SUBMISSION;EMERALDS;XIRECS;10000.0;6
610700;BOT_TAKER;SUBMISSION;EMERALDS;XIRECS;10007.0;3
610700;BOT_MAKER;BOT_TAKER;TOMATOES;XIRECS;5094.0;4
610900;SUBMISSION;BOT_TAKER;EMERALDS;XIRECS;9993.0;8
611400;BOT;SUBMISSION;EMERALDS;XIRECS;10000.0;10
612100;SUBMISSION;BOT_TAKER;TOMATOES;XIRECS;5094.0;3
612900;BOT;SUBMISSION;EMERALDS;XIRECS;10000.0;5
613000;SUBMISSION;BOT;EMERALDS;XIRECS;10000.0;8
613500;BOT_MAKER;BOT_TAKER;TOMATOES;XIRECS;5091.0;4
614200;BOT;SUBMISSION;EMERALDS;XIRECS;10000.0;5
616400;SUBMISSION;BOT;EMERALDS;XIRECS;10000.0;5
616900;BOT_TAKER;SUBMISSION;TOMATOES;XIRECS;5103.0;4
619100;SUBMISSION;BOT;EMERALDS;XIRECS;10000.0;5
620900;BOT;SUBMISSION;EMERALDS;XIRECS;10000.0;5
622400;SUBMISSION;BOT;EMERALDS;XIRECS;10000.0;9
623000;SUBMISSION;BOT;EMERALDS;XIRECS;10000.0;5
624000;SUBMISSION;BOT_TAKER;TOMATOES;XIRECS;5092.0;2
626700;SUBMISSION;BOT_TAKER;TOMATOES;XIRECS;5090.0;5
627900;BOT;SUBMISSION;EMERALDS;XIRECS;10000.0;5
628300;BOT_MAKER;BOT_TAKER;TOMATOES;XIRECS;5088.0;3
628900;BOT_MAKER;BOT_TAKER;TOMATOES;XIRECS;5090.0;5
630300;SUBMISSION;BOT;EMERALDS;XIRECS;10000.0;8
630300;BOT_TAKER;SUBMISSION;TOMATOES;XIRECS;5103.0;5
630500;BOT_MAKER;BOT_TAKER;TOMATOES;XIRECS;5095.0;4
630500;SUBMISSION;BOT_TAKER;TOMATOES;XIRECS;5092.0;1
631200;SUBMISSION;BOT_TAKER;EMERALDS;XIRECS;9993.0;6
631200;SUBMISSION;BOT_TAKER;TOMATOES;XIRECS;5091.0;2
631800;BOT;SUBMISSION;TOMATOES;XIRECS;5097.0;2
632100;SUBMISSION;BOT;EMERALDS;XIRECS;10000.0;7
632900;BOT;SUBMISSION;TOMATOES;XIRECS;5099.0;11
633000;BOT_TAKER;SUBMISSION;EMERALDS;XIRECS;10007.0;8
633200;SUBMISSION;BOT;EMERALDS;XIRECS;10000.0;8
635100;SUBMISSION;BOT;TOMATOES;XIRECS;5097.0;2
635700;SUBMISSION;BOT_TAKER;TOMATOES;XIRECS;5091.0;4
636500;BOT_TAKER;SUBMISSION;EMERALDS;XIRECS;10007.0;3
637100;SUBMISSION;BOT;EMERALDS;XIRECS;10000.0;7
637900;SUBMISSION;BOT_TAKER;TOMATOES;XIRECS;5096.0;2
638400;BOT_TAKER;SUBMISSION;TOMATOES;XIRECS;5106.0;4
640500;BOT_TAKER;SUBMISSION;TOMATOES;XIRECS;5108.0;3
642200;SUBMISSION;BOT;EMERALDS;XIRECS;10000.0;5
642900;SUBMISSION;BOT_TAKER;EMERALDS;XIRECS;9993.0;3
643800;BOT_TAKER;SUBMISSION;TOMATOES;XIRECS;5111.0;5
645000;SUBMISSION;BOT;EMERALDS;XIRECS;10000.0;7
645900;SUBMISSION;BOT;EMERALDS;XIRECS;10000.0;6
647800;BOT;SUBMISSION;EMERALDS;XIRECS;10000.0;9
648200;SUBMISSION;BOT;EMERALDS;XIRECS;10000.0;5
648400;SUBMISSION;BOT;TOMATOES;XIRECS;5101.0;4
649000;SUBMISSION;BOT_TAKER;TOMATOES;XIRECS;5095.0;4
651100;SUBMISSION;BOT;EMERALDS;XIRECS;10000.0;7
651300;SUBMISSION;BOT_TAKER;TOMATOES;XIRECS;5094.0;3
651500;BOT_TAKER;SUBMISSION;EMERALDS;XIRECS;10007.0;5
653700;SUBMISSION;BOT_TAKER;TOMATOES;XIRECS;5092.0;2
654800;BOT_TAKER;SUBMISSION;EMERALDS;XIRECS;10007.0;4
655900;BOT;SUBMISSION;TOMATOES;XIRECS;5100.0;12
656800;SUBMISSION;BOT;TOMATOES;XIRECS;5096.0;3
657300;SUBMISSION;BOT;EMERALDS;XIRECS;10000.0;7
657800;SUBMISSION;BOT;TOMATOES;XIRECS;5095.0;3
658400;BOT_TAKER;SUBMISSION;EMERALDS;XIRECS;10007.0;4
658400;BOT_TAKER;SUBMISSION;TOMATOES;XIRECS;5101.0;2
659200;BOT_TAKER;BOT_MAKER;TOMATOES;XIRECS;5101.0;2
659500;SUBMISSION;BOT_TAKER;TOMATOES;XIRECS;5088.0;4
660700;SUBMISSION;BOT_TAKER;EMERALDS;XIRECS;9993.0;4
661100;SUBMISSION;BOT_TAKER;TOMATOES;XIRECS;5088.0;2
661400;BOT;SUBMISSION;EMERALDS;XIRECS;10000.0;9
663900;SUBMISSION;BOT;EMERALDS;XIRECS;10000.0;8
664000;BOT_TAKER;SUBMISSION;EMERALDS;XIRECS;10007.0;4
664000;SUBMISSION;BOT_TAKER;TOMATOES;XIRECS;5086.0;3
664400;BOT_TAKER;SUBMISSION;EMERALDS;XIRECS;10007.0;8
664900;BOT_MAKER;BOT_TAKER;TOMATOES;XIRECS;5087.0;5
666300;BOT_TAKER;SUBMISSION;TOMATOES;XIRECS;5098.0;5
666500;BOT;SUBMISSION;EMERALDS;XIRECS;10000.0;10
668000;SUBMISSION;BOT_TAKER;EMERALDS;XIRECS;9993.0;5
668200;SUBMISSION;BOT;EMERALDS;XIRECS;10000.0;10
668800;BOT_TAKER;SUBMISSION;EMERALDS;XIRECS;10007.0;4
669300;BOT_TAKER;SUBMISSION;EMERALDS;XIRECS;10007.0;8
670300;SUBMISSION;BOT;EMERALDS;XIRECS;10000.0;10
671000;BOT_TAKER;SUBMISSION;TOMATOES;XIRECS;5103.0;4
673200;SUBMISSION;BOT;TOMATOES;XIRECS;5099.0;11
673600;BOT;SUBMISSION;EMERALDS;XIRECS;10000.0;5
674300;SUBMISSION;BOT_TAKER;EMERALDS;XIRECS;9993.0;6
674300;BOT_MAKER;BOT_TAKER;TOMATOES;XIRECS;5096.0;5
675100;BOT_TAKER;SUBMISSION;TOMATOES;XIRECS;5108.0;2
677400;BOT;SUBMISSION;EMERALDS;XIRECS;10000.0;10
679100;SUBMISSION;BOT_TAKER;TOMATOES;XIRECS;5096.0;3
679200;BOT_MAKER;BOT_TAKER;TOMATOES;XIRECS;5095.0;3
679900;BOT;SUBMISSION;EMERALDS;XIRECS;10000.0;9
680000;BOT;SUBMISSION;TOMATOES;XIRECS;5103.0;2
681000;BOT;SUBMISSION;TOMATOES;XIRECS;5103.0;2
681400;BOT;SUBMISSION;EMERALDS;XIRECS;10000.0;5
681500;BOT_MAKER;BOT_TAKER;TOMATOES;XIRECS;5096.0;5
682200;SUBMISSION;BOT_TAKER;TOMATOES;XIRECS;5096.0;5
683400;BOT;SUBMISSION;TOMATOES;XIRECS;5100.0;4
683500;BOT;SUBMISSION;EMERALDS;XIRECS;10000.0;7
684700;BOT_TAKER;SUBMISSION;TOMATOES;XIRECS;5109.0;2
685900;SUBMISSION;BOT;EMERALDS;XIRECS;10000.0;9
686000;BOT_TAKER;SUBMISSION;EMERALDS;XIRECS;10007.0;8
687800;SUBMISSION;BOT_TAKER;EMERALDS;XIRECS;9993.0;7
688000;SUBMISSION;BOT;EMERALDS;XIRECS;10000.0;5
688100;SUBMISSION;BOT;EMERALDS;XIRECS;10000.0;7
688200;SUBMISSION;BOT_TAKER;TOMATOES;XIRECS;5101.0;5
689000;BOT;SUBMISSION;TOMATOES;XIRECS;5106.0;2
689400;BOT;SUBMISSION;TOMATOES;XIRECS;5106.0;5
691400;BOT_TAKER;SUBMISSION;EMERALDS;XIRECS;10007.0;6
692600;BOT;SUBMISSION;EMERALDS;XIRECS;10000.0;9
694700;BOT;SUBMISSION;EMERALDS;XIRECS;10000.0;9
698300;BOT;SUBMISSION;EMERALDS;XIRECS;10000.0;9
699500;SUBMISSION;BOT_TAKER;TOMATOES;XIRECS;5104.0;4
699900;SUBMISSION;BOT_TAKER;EMERALDS;XIRECS;9993.0;8
701000;BOT;SUBMISSION;EMERALDS;XIRECS;10000.0;8
703100;BOT_TAKER;SUBMISSION;EMERALDS;XIRECS;10007.0;5
703900;BOT_TAKER;SUBMISSION;EMERALDS;XIRECS;10007.0;7
704300;BOT_TAKER;SUBMISSION;TOMATOES;XIRECS;5118.0;2
705000;BOT;SUBMISSION;TOMATOES;XIRECS;5113.0;3
706100;SUBMISSION;BOT_TAKER;TOMATOES;XIRECS;5109.0;2
706300;SUBMISSION;BOT_TAKER;TOMATOES;XIRECS;5109.0;2
709300;BOT_MAKER;BOT_TAKER;TOMATOES;XIRECS;5109.0;2
709900;BOT;SUBMISSION;TOMATOES;XIRECS;5116.0;4
710700;BOT;SUBMISSION;EMERALDS;XIRECS;10000.0;5
710800;SUBMISSION;BOT_TAKER;TOMATOES;XIRECS;5109.0;3
711200;BOT_TAKER;SUBMISSION;TOMATOES;XIRECS;5121.0;4
711400;BOT;SUBMISSION;EMERALDS;XIRECS;10000.0;10
711600;BOT_TAKER;SUBMISSION;TOMATOES;XIRECS;5121.0;5
712000;SUBMISSION;BOT_TAKER;EMERALDS;XIRECS;9993.0;4
712300;BOT_TAKER;BOT_MAKER;TOMATOES;XIRECS;5122.0;5
714900;SUBMISSION;BOT_TAKER;TOMATOES;XIRECS;5107.0;2
715000;BOT;SUBMISSION;EMERALDS;XIRECS;10000.0;9
716600;BOT_TAKER;SUBMISSION;EMERALDS;XIRECS;10007.0;7
718200;SUBMISSION;BOT_TAKER;EMERALDS;XIRECS;9993.0;6
719300;SUBMISSION;BOT;EMERALDS;XIRECS;10000.0;9
719400;BOT_TAKER;SUBMISSION;TOMATOES;XIRECS;5120.0;5
720200;SUBMISSION;BOT;TOMATOES;XIRECS;5109.0;6
720400;SUBMISSION;BOT;TOMATOES;XIRECS;5109.0;12
721300;BOT;SUBMISSION;TOMATOES;XIRECS;5107.0;4
721700;BOT;SUBMISSION;EMERALDS;XIRECS;10000.0;8
723100;SUBMISSION;BOT_TAKER;EMERALDS;XIRECS;9993.0;7
723300;BOT;SUBMISSION;TOMATOES;XIRECS;5108.0;12
724600;SUBMISSION;BOT_TAKER;TOMATOES;XIRECS;5102.0;3
725700;BOT;SUBMISSION;EMERALDS;XIRECS;10000.0;6
726200;SUBMISSION;BOT;TOMATOES;XIRECS;5108.0;5
728500;SUBMISSION;BOT_TAKER;TOMATOES;XIRECS;5105.0;2
729300;BOT;SUBMISSION;TOMATOES;XIRECS;5111.0;4
729700;SUBMISSION;BOT;EMERALDS;XIRECS;10000.0;7
729700;BOT_TAKER;SUBMISSION;TOMATOES;XIRECS;5119.0;3
731600;BOT;SUBMISSION;EMERALDS;XIRECS;10000.0;9
732800;BOT_TAKER;BOT_MAKER;TOMATOES;XIRECS;5117.0;2
733100;BOT_TAKER;BOT_MAKER;TOMATOES;XIRECS;5116.0;2
734600;SUBMISSION;BOT;TOMATOES;XIRECS;5108.0;7
735300;BOT_TAKER;SUBMISSION;TOMATOES;XIRECS;5114.0;3
735400;BOT_TAKER;SUBMISSION;EMERALDS;XIRECS;10007.0;5
736000;BOT_TAKER;SUBMISSION;EMERALDS;XIRECS;10007.0;5
736100;SUBMISSION;BOT_TAKER;TOMATOES;XIRECS;5102.0;4
736800;SUBMISSION;BOT_TAKER;EMERALDS;XIRECS;9993.0;4
737200;BOT_TAKER;SUBMISSION;TOMATOES;XIRECS;5115.0;4
738800;BOT_TAKER;SUBMISSION;EMERALDS;XIRECS;10007.0;8
739000;BOT;SUBMISSION;EMERALDS;XIRECS;10000.0;7
739300;SUBMISSION;BOT_TAKER;TOMATOES;XIRECS;5101.0;2
743500;BOT;SUBMISSION;EMERALDS;XIRECS;10000.0;7
745900;BOT_TAKER;SUBMISSION;TOMATOES;XIRECS;5120.0;5
746200;SUBMISSION;BOT;EMERALDS;XIRECS;10000.0;8
746700;BOT_TAKER;SUBMISSION;TOMATOES;XIRECS;5121.0;2
746800;BOT;SUBMISSION;EMERALDS;XIRECS;10000.0;8
749000;SUBMISSION;BOT;EMERALDS;XIRECS;10000.0;10
749400;SUBMISSION;BOT;EMERALDS;XIRECS;10000.0;5
749700;SUBMISSION;BOT;TOMATOES;XIRECS;5115.0;6
749700;BOT_TAKER;SUBMISSION;TOMATOES;XIRECS;5121.0;3
750200;SUBMISSION;BOT_TAKER;TOMATOES;XIRECS;5110.0;5
751400;BOT_TAKER;SUBMISSION;TOMATOES;XIRECS;5119.0;2
751600;SUBMISSION;BOT;EMERALDS;XIRECS;10000.0;9
753300;BOT;SUBMISSION;EMERALDS;XIRECS;10000.0;10
753900;BOT;SUBMISSION;EMERALDS;XIRECS;10000.0;6
756200;BOT_TAKER;SUBMISSION;TOMATOES;XIRECS;5122.0;4
756300;SUBMISSION;BOT_TAKER;TOMATOES;XIRECS;5111.0;2
758000;BOT_TAKER;SUBMISSION;TOMATOES;XIRECS;5118.0;4
762000;BOT;SUBMISSION;EMERALDS;XIRECS;10000.0;6
762000;SUBMISSION;BOT;TOMATOES;XIRECS;5111.0;2
763500;BOT;SUBMISSION;EMERALDS;XIRECS;10000.0;5
763700;SUBMISSION;BOT_TAKER;TOMATOES;XIRECS;5104.0;5
765000;SUBMISSION;BOT;EMERALDS;XIRECS;10000.0;10
765000;BOT_MAKER;BOT_TAKER;TOMATOES;XIRECS;5107.0;2
765100;SUBMISSION;BOT_TAKER;EMERALDS;XIRECS;9993.0;6
765700;SUBMISSION;BOT_TAKER;EMERALDS;XIRECS;9993.0;7
769800;SUBMISSION;BOT;EMERALDS;XIRECS;10000.0;9
769900;SUBMISSION;BOT_TAKER;TOMATOES;XIRECS;5110.0;3
770100;SUBMISSION;BOT;EMERALDS;XIRECS;10000.0;6
770700;BOT_MAKER;BOT_TAKER;TOMATOES;XIRECS;5110.0;2
772600;SUBMISSION;BOT;EMERALDS;XIRECS;10000.0;7
772600;BOT;SUBMISSION;TOMATOES;XIRECS;5117.0;4
772700;BOT;SUBMISSION;EMERALDS;XIRECS;10000.0;6
774900;SUBMISSION;BOT_TAKER;TOMATOES;XIRECS;5110.0;3
775100;BOT_TAKER;SUBMISSION;TOMATOES;XIRECS;5120.0;3
776500;BOT_TAKER;SUBMISSION;EMERALDS;XIRECS;10007.0;4
777000;SUBMISSION;BOT_TAKER;TOMATOES;XIRECS;5111.0;2
777200;BOT_TAKER;SUBMISSION;EMERALDS;XIRECS;10007.0;4
780200;SUBMISSION;BOT;EMERALDS;XIRECS;10000.0;5
781100;BOT_MAKER;BOT_TAKER;TOMATOES;XIRECS;5110.0;3
781900;SUBMISSION;BOT;EMERALDS;XIRECS;10000.0;7
782700;BOT_MAKER;BOT_TAKER;TOMATOES;XIRECS;5112.0;3
783000;SUBMISSION;BOT;EMERALDS;XIRECS;10000.0;8
785200;SUBMISSION;BOT_TAKER;TOMATOES;XIRECS;5112.0;5
785400;SUBMISSION;BOT;EMERALDS;XIRECS;10000.0;7
785700;SUBMISSION;BOT;EMERALDS;XIRECS;10000.0;5
785700;BOT;SUBMISSION;TOMATOES;XIRECS;5115.0;2
787000;BOT_MAKER;BOT_TAKER;TOMATOES;XIRECS;5110.0;5
787300;BOT_MAKER;BOT_TAKER;TOMATOES;XIRECS;5110.0;3
787700;BOT;SUBMISSION;TOMATOES;XIRECS;5117.0;5
789000;BOT_TAKER;SUBMISSION;EMERALDS;XIRECS;10007.0;5
791100;SUBMISSION;BOT_TAKER;TOMATOES;XIRECS;5116.0;4
791200;BOT;SUBMISSION;EMERALDS;XIRECS;10000.0;7
796400;BOT_TAKER;SUBMISSION;TOMATOES;XIRECS;5128.0;3
797100;SUBMISSION;BOT_TAKER;EMERALDS;XIRECS;9993.0;7
798900;SUBMISSION;BOT;EMERALDS;XIRECS;10000.0;9
799200;BOT;SUBMISSION;EMERALDS;XIRECS;10000.0;8
799900;BOT_TAKER;BOT_MAKER;TOMATOES;XIRECS;5122.0;3
799900;BOT_TAKER;SUBMISSION;TOMATOES;XIRECS;5125.0;2
800900;SUBMISSION;BOT;EMERALDS;XIRECS;10000.0;7
801100;SUBMISSION;BOT;EMERALDS;XIRECS;10000.0;6
801200;SUBMISSION;BOT;EMERALDS;XIRECS;10000.0;10
802100;BOT;SUBMISSION;EMERALDS;XIRECS;10000.0;6
803100;SUBMISSION;BOT;EMERALDS;XIRECS;10000.0;7
804200;SUBMISSION;BOT;EMERALDS;XIRECS;10000.0;7
806600;BOT;SUBMISSION;EMERALDS;XIRECS;10000.0;7
807000;SUBMISSION;BOT_TAKER;EMERALDS;XIRECS;9993.0;3
808100;SUBMISSION;BOT;EMERALDS;XIRECS;10000.0;10
809200;BOT_TAKER;SUBMISSION;TOMATOES;XIRECS;5129.0;5
810800;BOT_TAKER;SUBMISSION;TOMATOES;XIRECS;5130.0;3
813100;SUBMISSION;BOT;TOMATOES;XIRECS;5126.0;2
813600;SUBMISSION;BOT;EMERALDS;XIRECS;10000.0;6
814900;SUBMISSION;BOT;TOMATOES;XIRECS;5125.0;3
816200;SUBMISSION;BOT_TAKER;TOMATOES;XIRECS;5118.0;2
818900;SUBMISSION;BOT_TAKER;TOMATOES;XIRECS;5118.0;5
819000;SUBMISSION;BOT_TAKER;EMERALDS;XIRECS;9993.0;6
819500;BOT_TAKER;SUBMISSION;EMERALDS;XIRECS;10007.0;6
820400;SUBMISSION;BOT_TAKER;TOMATOES;XIRECS;5119.0;2
820600;SUBMISSION;BOT_TAKER;EMERALDS;XIRECS;9993.0;6
820700;BOT;SUBMISSION;EMERALDS;XIRECS;10000.0;7
821400;BOT;SUBMISSION;EMERALDS;XIRECS;10000.0;6
821600;SUBMISSION;BOT;EMERALDS;XIRECS;10000.0;5
822200;SUBMISSION;BOT;EMERALDS;XIRECS;10000.0;7
822800;BOT;SUBMISSION;TOMATOES;XIRECS;5121.0;4
823300;SUBMISSION;BOT_TAKER;TOMATOES;XIRECS;5118.0;2
825700;SUBMISSION;BOT_TAKER;TOMATOES;XIRECS;5124.0;4
828400;BOT;SUBMISSION;EMERALDS;XIRECS;10000.0;8
828800;SUBMISSION;BOT_TAKER;EMERALDS;XIRECS;9993.0;3
829100;BOT;SUBMISSION;TOMATOES;XIRECS;5129.0;11
829400;SUBMISSION;BOT_TAKER;TOMATOES;XIRECS;5124.0;4
829500;SUBMISSION;BOT;EMERALDS;XIRECS;10000.0;8
829500;BOT_TAKER;SUBMISSION;TOMATOES;XIRECS;5135.0;5
830600;SUBMISSION;BOT_TAKER;TOMATOES;XIRECS;5122.0;5
831700;SUBMISSION;BOT_TAKER;EMERALDS;XIRECS;9993.0;8
832100;BOT_TAKER;SUBMISSION;EMERALDS;XIRECS;10007.0;4
832800;BOT_TAKER;SUBMISSION;TOMATOES;XIRECS;5129.0;5
833100;BOT_TAKER;SUBMISSION;EMERALDS;XIRECS;10007.0;6
833400;SUBMISSION;BOT;EMERALDS;XIRECS;10000.0;8
833700;BOT_TAKER;SUBMISSION;EMERALDS;XIRECS;10007.0;8
835800;SUBMISSION;BOT;EMERALDS;XIRECS;10000.0;8
837100;BOT;SUBMISSION;EMERALDS;XIRECS;10000.0;7
837800;BOT_TAKER;SUBMISSION;TOMATOES;XIRECS;5129.0;3
838100;SUBMISSION;BOT;TOMATOES;XIRECS;5121.0;8
838700;BOT;SUBMISSION;EMERALDS;XIRECS;10000.0;9
839400;SUBMISSION;BOT_TAKER;EMERALDS;XIRECS;9993.0;4
839900;BOT_TAKER;SUBMISSION;EMERALDS;XIRECS;10007.0;6
840200;BOT;SUBMISSION;EMERALDS;XIRECS;10000.0;10
840600;BOT_TAKER;SUBMISSION;EMERALDS;XIRECS;10007.0;7
840700;BOT_TAKER;SUBMISSION;EMERALDS;XIRECS;10007.0;4
842800;BOT_TAKER;SUBMISSION;TOMATOES;XIRECS;5129.0;3
843500;SUBMISSION;BOT;EMERALDS;XIRECS;10000.0;5
843800;BOT_TAKER;SUBMISSION;EMERALDS;XIRECS;10007.0;7
847100;SUBMISSION;BOT_TAKER;EMERALDS;XIRECS;9993.0;6
849000;SUBMISSION;BOT_TAKER;EMERALDS;XIRECS;9993.0;3
849800;SUBMISSION;BOT;EMERALDS;XIRECS;10000.0;5
850600;BOT_TAKER;SUBMISSION;EMERALDS;XIRECS;10007.0;4
851400;SUBMISSION;BOT_TAKER;TOMATOES;XIRECS;5124.0;2
851700;SUBMISSION;BOT;EMERALDS;XIRECS;10000.0;10
851700;SUBMISSION;BOT_TAKER;TOMATOES;XIRECS;5124.0;3
853600;SUBMISSION;BOT_TAKER;EMERALDS;XIRECS;9993.0;8
855100;BOT_TAKER;SUBMISSION;EMERALDS;XIRECS;10007.0;5
856500;SUBMISSION;BOT;EMERALDS;XIRECS;10000.0;5
856900;BOT_TAKER;SUBMISSION;TOMATOES;XIRECS;5140.0;5
858300;BOT;SUBMISSION;EMERALDS;XIRECS;10000.0;8
859400;BOT_TAKER;SUBMISSION;TOMATOES;XIRECS;5142.0;4
859900;SUBMISSION;BOT_TAKER;TOMATOES;XIRECS;5129.0;4
860000;SUBMISSION;BOT_TAKER;EMERALDS;XIRECS;9993.0;4
863200;BOT_TAKER;SUBMISSION;EMERALDS;XIRECS;10007.0;8
864000;BOT;SUBMISSION;EMERALDS;XIRECS;10000.0;8
864100;SUBMISSION;BOT_TAKER;TOMATOES;XIRECS;5133.0;3
865600;SUBMISSION;BOT_TAKER;TOMATOES;XIRECS;5134.0;2
866000;BOT;SUBMISSION;EMERALDS;XIRECS;10000.0;8
866300;BOT_TAKER;SUBMISSION;TOMATOES;XIRECS;5144.0;2
866600;SUBMISSION;BOT;EMERALDS;XIRECS;10000.0;9
868600;SUBMISSION;BOT;EMERALDS;XIRECS;10000.0;9
869000;BOT_TAKER;SUBMISSION;TOMATOES;XIRECS;5146.0;3
869200;SUBMISSION;BOT_TAKER;EMERALDS;XIRECS;9993.0;5
869600;SUBMISSION;BOT_TAKER;EMERALDS;XIRECS;9993.0;6
869800;SUBMISSION;BOT;EMERALDS;XIRECS;10000.0;8
871000;BOT;SUBMISSION;EMERALDS;XIRECS;10000.0;6
871300;SUBMISSION;BOT;EMERALDS;XIRECS;10000.0;10
872600;SUBMISSION;BOT;EMERALDS;XIRECS;10000.0;6
873500;SUBMISSION;BOT;EMERALDS;XIRECS;10000.0;9
877700;BOT;SUBMISSION;EMERALDS;XIRECS;10000.0;9
878200;BOT_TAKER;SUBMISSION;EMERALDS;XIRECS;10000.0;6
879600;SUBMISSION;BOT_TAKER;TOMATOES;XIRECS;5142.0;5
880200;BOT;SUBMISSION;EMERALDS;XIRECS;10000.0;7
881000;BOT;SUBMISSION;EMERALDS;XIRECS;10000.0;8
881200;BOT_TAKER;SUBMISSION;TOMATOES;XIRECS;5154.0;4
881900;BOT;SUBMISSION;EMERALDS;XIRECS;10000.0;10
882500;SUBMISSION;BOT;EMERALDS;XIRECS;10000.0;8
887200;SUBMISSION;BOT;EMERALDS;XIRECS;10000.0;5
887400;SUBMISSION;BOT_TAKER;TOMATOES;XIRECS;5143.0;3
888300;SUBMISSION;BOT;EMERALDS;XIRECS;10000.0;8
888500;BOT_TAKER;SUBMISSION;TOMATOES;XIRECS;5152.0;2
889000;BOT_TAKER;SUBMISSION;EMERALDS;XIRECS;10007.0;7
889000;BOT_TAKER;SUBMISSION;TOMATOES;XIRECS;5154.0;3
891000;BOT_TAKER;SUBMISSION;TOMATOES;XIRECS;5155.0;2
891100;BOT_TAKER;SUBMISSION;TOMATOES;XIRECS;5155.0;5
891800;SUBMISSION;BOT;EMERALDS;XIRECS;10000.0;7
892100;BOT_TAKER;BOT_MAKER;TOMATOES;XIRECS;5159.0;4
893300;BOT;SUBMISSION;EMERALDS;XIRECS;10000.0;6
893900;SUBMISSION;BOT_TAKER;EMERALDS;XIRECS;9993.0;4
894500;SUBMISSION;BOT_TAKER;TOMATOES;XIRECS;5147.0;5
894600;BOT;SUBMISSION;EMERALDS;XIRECS;10000.0;10
894800;BOT;SUBMISSION;EMERALDS;XIRECS;10000.0;5
894900;SUBMISSION;BOT;TOMATOES;XIRECS;5151.0;8
895300;SUBMISSION;BOT;EMERALDS;XIRECS;10000.0;10
895400;SUBMISSION;BOT;EMERALDS;XIRECS;10000.0;8
896900;BOT;SUBMISSION;EMERALDS;XIRECS;10000.0;9
897100;BOT_TAKER;SUBMISSION;TOMATOES;XIRECS;5158.0;5
897400;BOT_TAKER;SUBMISSION;TOMATOES;XIRECS;5159.0;3
898300;SUBMISSION;BOT_TAKER;TOMATOES;XIRECS;5149.0;4
899500;BOT_TAKER;SUBMISSION;TOMATOES;XIRECS;5159.0;5
901400;SUBMISSION;BOT;EMERALDS;XIRECS;10000.0;7
902000;SUBMISSION;BOT_TAKER;EMERALDS;XIRECS;9993.0;8
903300;SUBMISSION;BOT_TAKER;TOMATOES;XIRECS;5151.0;2
903500;BOT_TAKER;SUBMISSION;TOMATOES;XIRECS;5161.0;4
903800;SUBMISSION;BOT_TAKER;TOMATOES;XIRECS;5151.0;3
904800;SUBMISSION;BOT_TAKER;TOMATOES;XIRECS;5154.0;2
905100;BOT;SUBMISSION;EMERALDS;XIRECS;10000.0;6
907200;BOT;SUBMISSION;EMERALDS;XIRECS;10000.0;7
908200;BOT;SUBMISSION;EMERALDS;XIRECS;10000.0;5
908600;BOT;SUBMISSION;EMERALDS;XIRECS;10000.0;10
909100;SUBMISSION;BOT_TAKER;TOMATOES;XIRECS;5153.0;4
909300;SUBMISSION;BOT_TAKER;EMERALDS;XIRECS;9993.0;6
910000;SUBMISSION;BOT_TAKER;TOMATOES;XIRECS;5154.0;5
910200;BOT;SUBMISSION;TOMATOES;XIRECS;5160.0;5
910200;BOT_MAKER;BOT_TAKER;TOMATOES;XIRECS;5153.0;5
910300;BOT;SUBMISSION;EMERALDS;XIRECS;10000.0;6
911300;BOT;SUBMISSION;EMERALDS;XIRECS;10000.0;10
911600;SUBMISSION;BOT;EMERALDS;XIRECS;10000.0;10
915100;BOT;SUBMISSION;EMERALDS;XIRECS;10000.0;7
916300;SUBMISSION;BOT_TAKER;TOMATOES;XIRECS;5161.0;5
916400;SUBMISSION;BOT_TAKER;EMERALDS;XIRECS;9993.0;5
917800;BOT;SUBMISSION;EMERALDS;XIRECS;10000.0;6
918100;BOT;SUBMISSION;TOMATOES;XIRECS;5171.0;12
918900;SUBMISSION;BOT;TOMATOES;XIRECS;5169.0;11
920600;BOT;SUBMISSION;TOMATOES;XIRECS;5172.0;8
921000;BOT;SUBMISSION;EMERALDS;XIRECS;10000.0;8
921200;BOT_TAKER;SUBMISSION;TOMATOES;XIRECS;5177.0;5
921400;SUBMISSION;BOT_TAKER;TOMATOES;XIRECS;5166.0;2
921800;BOT;SUBMISSION;EMERALDS;XIRECS;10000.0;7
922400;SUBMISSION;BOT_TAKER;TOMATOES;XIRECS;5164.0;2
922500;SUBMISSION;BOT_TAKER;TOMATOES;XIRECS;5163.0;5
923200;BOT_TAKER;SUBMISSION;TOMATOES;XIRECS;5174.0;4
923500;BOT_TAKER;SUBMISSION;EMERALDS;XIRECS;10007.0;5
924200;BOT_TAKER;BOT_MAKER;TOMATOES;XIRECS;5173.0;5
925000;SUBMISSION;BOT_TAKER;TOMATOES;XIRECS;5162.0;3
926100;SUBMISSION;BOT_TAKER;EMERALDS;XIRECS;9993.0;7
926600;BOT;SUBMISSION;EMERALDS;XIRECS;10000.0;7
926900;SUBMISSION;BOT;TOMATOES;XIRECS;5164.0;5
927500;BOT;SUBMISSION;TOMATOES;XIRECS;5163.0;4
928400;BOT_TAKER;SUBMISSION;TOMATOES;XIRECS;5171.0;5
928600;SUBMISSION;BOT_TAKER;EMERALDS;XIRECS;9993.0;4
929200;BOT;SUBMISSION;EMERALDS;XIRECS;10000.0;5
930700;SUBMISSION;BOT_TAKER;TOMATOES;XIRECS;5156.0;2
930900;BOT_TAKER;BOT_MAKER;TOMATOES;XIRECS;5167.0;4
935300;BOT_TAKER;SUBMISSION;TOMATOES;XIRECS;5168.0;4
936800;BOT_TAKER;BOT_MAKER;TOMATOES;XIRECS;5171.0;5
937500;SUBMISSION;BOT;TOMATOES;XIRECS;5161.0;12
939800;BOT_TAKER;SUBMISSION;TOMATOES;XIRECS;5170.0;3
940100;BOT_TAKER;SUBMISSION;EMERALDS;XIRECS;10007.0;7
940600;BOT;SUBMISSION;TOMATOES;XIRECS;5167.0;6
941200;SUBMISSION;BOT;EMERALDS;XIRECS;10000.0;7
941300;BOT_TAKER;SUBMISSION;EMERALDS;XIRECS;10007.0;6
942600;BOT_TAKER;SUBMISSION;EMERALDS;XIRECS;10007.0;6
943800;BOT_TAKER;SUBMISSION;TOMATOES;XIRECS;5174.0;4
944600;SUBMISSION;BOT;TOMATOES;XIRECS;5170.0;3
945700;BOT;SUBMISSION;EMERALDS;XIRECS;10000.0;10
947300;SUBMISSION;BOT;TOMATOES;XIRECS;5167.0;12
948100;BOT;SUBMISSION;TOMATOES;XIRECS;5168.0;5
948500;BOT;SUBMISSION;EMERALDS;XIRECS;10000.0;6
949600;BOT_MAKER;BOT_TAKER;TOMATOES;XIRECS;5162.0;2
949900;BOT_MAKER;BOT_TAKER;TOMATOES;XIRECS;5162.0;3
952200;SUBMISSION;BOT;EMERALDS;XIRECS;10000.0;7
952400;BOT;SUBMISSION;EMERALDS;XIRECS;10000.0;5
954400;BOT_TAKER;BOT_MAKER;TOMATOES;XIRECS;5172.0;3
954600;BOT;SUBMISSION;EMERALDS;XIRECS;10000.0;5
956300;BOT;SUBMISSION;TOMATOES;XIRECS;5173.0;3
957800;BOT;SUBMISSION;EMERALDS;XIRECS;10000.0;10
962000;SUBMISSION;BOT;EMERALDS;XIRECS;10000.0;8
963200;SUBMISSION;BOT;EMERALDS;XIRECS;10000.0;5
964300;BOT_TAKER;SUBMISSION;EMERALDS;XIRECS;10007.0;7
964400;SUBMISSION;BOT;EMERALDS;XIRECS;10000.0;8
964500;SUBMISSION;BOT;EMERALDS;XIRECS;10000.0;5
964800;SUBMISSION;BOT;EMERALDS;XIRECS;10000.0;9
965800;BOT_TAKER;SUBMISSION;TOMATOES;XIRECS;5177.0;5
969700;SUBMISSION;BOT_TAKER;TOMATOES;XIRECS;5165.0;3
971100;SUBMISSION;BOT_TAKER;TOMATOES;XIRECS;5167.0;4
972900;BOT;SUBMISSION;EMERALDS;XIRECS;10000.0;8
973300;BOT_TAKER;SUBMISSION;EMERALDS;XIRECS;10007.0;6
973600;BOT_TAKER;SUBMISSION;TOMATOES;XIRECS;5182.0;5
975100;SUBMISSION;BOT;EMERALDS;XIRECS;10000.0;8
975600;BOT_TAKER;SUBMISSION;TOMATOES;XIRECS;5179.0;2
975900;SUBMISSION;BOT;TOMATOES;XIRECS;5175.0;2
977800;BOT;SUBMISSION;EMERALDS;XIRECS;10000.0;9
979100;SUBMISSION;BOT_TAKER;EMERALDS;XIRECS;9993.0;6
979400;SUBMISSION;BOT_TAKER;EMERALDS;XIRECS;9993.0;8
981100;SUBMISSION;BOT;TOMATOES;XIRECS;5174.0;3
981600;SUBMISSION;BOT;EMERALDS;XIRECS;10000.0;7
981700;BOT;SUBMISSION;EMERALDS;XIRECS;10000.0;9
981900;BOT;SUBMISSION;EMERALDS;XIRECS;10000.0;6
982300;BOT_TAKER;SUBMISSION;TOMATOES;XIRECS;5179.0;2
982600;BOT;SUBMISSION;EMERALDS;XIRECS;10000.0;10
983400;SUBMISSION;BOT_TAKER;TOMATOES;XIRECS;5168.0;3
984100;SUBMISSION;BOT;EMERALDS;XIRECS;10000.0;7
984300;BOT_TAKER;SUBMISSION;EMERALDS;XIRECS;10007.0;6
985400;BOT;SUBMISSION;EMERALDS;XIRECS;10000.0;10
985600;SUBMISSION;BOT_TAKER;TOMATOES;XIRECS;5168.0;2
986900;SUBMISSION;BOT;EMERALDS;XIRECS;10000.0;7
986900;BOT_TAKER;SUBMISSION;TOMATOES;XIRECS;5181.0;4
987400;BOT;SUBMISSION;EMERALDS;XIRECS;10000.0;10
989000;BOT;SUBMISSION;EMERALDS;XIRECS;10000.0;10
990700;BOT;SUBMISSION;EMERALDS;XIRECS;10000.0;5
991100;BOT_TAKER;SUBMISSION;EMERALDS;XIRECS;10007.0;3
991700;SUBMISSION;BOT;EMERALDS;XIRECS;10000.0;6
993000;BOT_TAKER;SUBMISSION;EMERALDS;XIRECS;10007.0;6
995100;SUBMISSION;BOT_TAKER;TOMATOES;XIRECS;5170.0;3
995500;BOT_TAKER;SUBMISSION;TOMATOES;XIRECS;5180.0;4
995900;SUBMISSION;BOT_TAKER;EMERALDS;XIRECS;9993.0;5
997100;BOT;SUBMISSION;EMERALDS;XIRECS;10000.0;10
997200;BOT_MAKER;BOT_TAKER;TOMATOES;XIRECS;5172.0;3
997400;SUBMISSION;BOT;EMERALDS;XIRECS;10000.0;8
997500;BOT_TAKER;BOT_MAKER;TOMATOES;XIRECS;5179.0;5
998500;BOT_MAKER;BOT_TAKER;TOMATOES;XIRECS;5171.0;2
998500;SUBMISSION;BOT_TAKER;TOMATOES;XIRECS;5169.0;2
998900;SUBMISSION;BOT_TAKER;TOMATOES;XIRECS;5169.0;5
999000;SUBMISSION;BOT;EMERALDS;XIRECS;10000.0;5
