timestamp;buyer;seller;symbol;currency;price;quantity
1600;BOT;SUBMISSION;EMERALDS;XIRECS;10000.0;5
3300;BOT;SUBMISSION;EMERALDS;XIRECS;10000.0;7
3400;SUBMISSION;BOT;EMERALDS;XIRECS;10000.0;9
5300;SUBMISSION;BOT_TAKER;TOMATOES;XIRECS;4995.0;5
5900;SUBMISSION;BOT;EMERALDS;XIRECS;10000.0;5
6500;BOT_TAKER;SUBMISSION;EMERALDS;XIRECS;10007.0;3
6700;BOT;SUBMISSION;EMERALDS;XIRECS;10000.0;10
8000;BOT_TAKER;SUBMISSION;TOMATOES;XIRECS;5007.0;2
8100;BOT_TAKER;SUBMISSION;TOMATOES;XIRECS;5007.0;4
8600;SUBMISSION;BOT_TAKER;TOMATOES;XIRECS;4996.0;5
8800;SUBMISSION;BOT_TAKER;TOMATOES;XIRECS;4996.0;3
10600;BOT;SUBMISSION;TOMATOES;XIRECS;4999.0;6
13100;SUBMISSION;BOT;EMERALDS;XIRECS;10000.0;10
13400;BOT_TAKER;SUBMISSION;TOMATOES;XIRECS;5003.0;4
14400;SUBMISSION;BOT_TAKER;TOMATOES;XIRECS;4990.0;2
15400;BOT;SUBMISSION;EMERALDS;XIRECS;10000.0;7
15600;SUBMISSION;BOT;EMERALDS;XIRECS;10000.0;7
15700;BOT;SUBMISSION;EMERALDS;XIRECS;10000.0;8
16300;BOT_TAKER;SUBMISSION;EMERALDS;XIRECS;10007.0;8
16500;BOT_TAKER;SUBMISSION;EMERALDS;XIRECS;10007.0;4
16800;BOT;SUBMISSION;EMERALDS;XIRECS;10000.0;10
17600;SUBMISSION;BOT_TAKER;TOMATOES;XIRECS;4994.0;2
18000;SUBMISSION;BOT_TAKER;TOMATOES;XIRECS;4994.0;3
19400;SUBMISSION;BOT;EMERALDS;XIRECS;10000.0;7
19400;BOT_TAKER;SUBMISSION;TOMATOES;XIRECS;5004.0;2
19800;BOT;SUBMISSION;EMERALDS;XIRECS;10000.0;6
20400;BOT_TAKER;SUBMISSION;TOMATOES;XIRECS;5004.0;5
23000;SUBMISSION;BOT;TOMATOES;XIRECS;4996.0;8
24800;BOT;SUBMISSION;TOMATOES;XIRECS;4995.0;4
25100;BOT;SUBMISSION;EMERALDS;XIRECS;10000.0;6
25100;BOT_TAKER;SUBMISSION;TOMATOES;XIRECS;5001.0;4
25500;SUBMISSION;BOT_TAKER;TOMATOES;XIRECS;4990.0;3
25600;BOT_TAKER;SUBMISSION;TOMATOES;XIRECS;5002.0;4
25700;SUBMISSION;BOT;TOMATOES;XIRECS;4996.0;4
27900;BOT_TAKER;SUBMISSION;EMERALDS;XIRECS;10007.0;3
29000;SUBMISSION;BOT;EMERALDS;XIRECS;10000.0;10
29500;BOT_TAKER;SUBMISSION;TOMATOES;XIRECS;5004.0;4
30500;BOT;SUBMISSION;EMERALDS;XIRECS;10000.0;8
30500;BOT_TAKER;SUBMISSION;TOMATOES;XIRECS;5002.0;2
31300;BOT;SUBMISSION;EMERALDS;XIRECS;10000.0;10
33600;BOT;SUBMISSION;EMERALDS;XIRECS;10000.0;9
34500;SUBMISSION;BOT;TOMATOES;XIRECS;4992.0;4
34800;BOT_TAKER;SUBMISSION;EMERALDS;XIRECS;10007.0;4
34900;SUBMISSION;BOT_TAKER;TOMATOES;XIRECS;4986.0;3
35500;BOT;SUBMISSION;EMERALDS;XIRECS;10000.0;9
36100;BOT;SUBMISSION;EMERALDS;XIRECS;10000.0;6
42800;BOT_TAKER;SUBMISSION;TOMATOES;XIRECS;4995.0;3
44000;SUBMISSION;BOT;EMERALDS;XIRECS;10000.0;8
45600;BOT;SUBMISSION;EMERALDS;XIRECS;10000.0;8
49500;SUBMISSION;BOT_TAKER;EMERALDS;XIRECS;10000.0;5
49900;BOT_TAKER;SUBMISSION;EMERALDS;XIRECS;10007.0;8
50300;BOT_MAKER;BOT_TAKER;TOMATOES;XIRECS;4985.0;2
50300;SUBMISSION;BOT_TAKER;TOMATOES;XIRECS;4983.0;3
52200;BOT_TAKER;SUBMISSION;EMERALDS;XIRECS;10007.0;2
52200;BOT_TAKER;BOT_MAKER;EMERALDS;XIRECS;10008.0;2
52400;SUBMISSION;BOT_TAKER;TOMATOES;XIRECS;4981.0;2
54700;SUBMISSION;BOT_TAKER;EMERALDS;XIRECS;10000.0;5
56200;BOT;SUBMISSION;EMERALDS;XIRECS;10000.0;5
56200;BOT_TAKER;SUBMISSION;TOMATOES;XIRECS;4991.0;3
57500;SUBMISSION;BOT_TAKER;EMERALDS;XIRECS;10000.0;4
58700;SUBMISSION;BOT_TAKER;EMERALDS;XIRECS;10000.0;7
59600;SUBMISSION;BOT_TAKER;TOMATOES;XIRECS;4979.0;2
60000;BOT;SUBMISSION;EMERALDS;XIRECS;10000.0;7
60800;BOT_TAKER;SUBMISSION;TOMATOES;XIRECS;4990.0;4
62200;SUBMISSION;BOT_TAKER;EMERALDS;XIRECS;10000.0;7
63600;SUBMISSION;BOT_TAKER;TOMATOES;XIRECS;4981.0;5
64400;BOT_TAKER;SUBMISSION;TOMATOES;XIRECS;4991.0;5
66800;SUBMISSION;BOT_TAKER;TOMATOES;XIRECS;4974.0;3
67100;BOT_TAKER;SUBMISSION;EMERALDS;XIRECS;10007.0;8
67800;SUBMISSION;BOT;EMERALDS;XIRECS;10000.0;7
69700;BOT_TAKER;SUBMISSION;TOMATOES;XIRECS;4986.0;2
70500;BOT;SUBMISSION;EMERALDS;XIRECS;10000.0;7
72500;BOT_TAKER;SUBMISSION;EMERALDS;XIRECS;10007.0;3
72500;BOT_TAKER;BOT_MAKER;EMERALDS;XIRECS;10008.0;4
74100;BOT_TAKER;SUBMISSION;TOMATOES;XIRECS;4985.0;4
75000;SUBMISSION;BOT;TOMATOES;XIRECS;4976.0;5
75100;BOT_TAKER;BOT_MAKER;EMERALDS;XIRECS;10008.0;4
76000;BOT_TAKER;SUBMISSION;TOMATOES;XIRECS;4983.0;2
77300;SUBMISSION;BOT_TAKER;TOMATOES;XIRECS;4971.0;3
79600;BOT_TAKER;SUBMISSION;TOMATOES;XIRECS;4981.0;4
82200;SUBMISSION;BOT;TOMATOES;XIRECS;4975.0;2
83600;SUBMISSION;BOT_TAKER;EMERALDS;XIRECS;10000.0;6
84200;BOT_TAKER;SUBMISSION;TOMATOES;XIRECS;4979.0;5
84400;SUBMISSION;BOT;TOMATOES;XIRECS;4976.0;2
85600;SUBMISSION;BOT;EMERALDS;XIRECS;10000.0;8
87500;SUBMISSION;BOT;EMERALDS;XIRECS;10000.0;5
87500;SUBMISSION;BOT_TAKER;TOMATOES;XIRECS;4968.0;3
88200;BOT_TAKER;SUBMISSION;TOMATOES;XIRECS;4977.0;4
89000;SUBMISSION;BOT;EMERALDS;XIRECS;10000.0;9
89700;BOT;SUBMISSION;EMERALDS;XIRECS;10000.0;9
90200;BOT_TAKER;BOT_MAKER;TOMATOES;XIRECS;4980.0;2
91100;SUBMISSION;BOT_TAKER;TOMATOES;XIRECS;4970.0;4
95800;BOT_TAKER;SUBMISSION;TOMATOES;XIRECS;4988.0;5
97800;BOT_TAKER;BOT_MAKER;TOMATOES;XIRECS;4992.0;4
98000;BOT_TAKER;SUBMISSION;EMERALDS;XIRECS;10007.0;6
103000;SUBMISSION;BOT_TAKER;EMERALDS;XIRECS;9993.0;4
103100;BOT_TAKER;SUBMISSION;TOMATOES;XIRECS;4998.0;3
104300;BOT_TAKER;SUBMISSION;EMERALDS;XIRECS;10007.0;4
104300;BOT_TAKER;BOT_MAKER;TOMATOES;XIRECS;5000.0;5
104900;SUBMISSION;BOT;TOMATOES;XIRECS;4996.0;4
105300;SUBMISSION;BOT;EMERALDS;XIRECS;10000.0;10
106300;SUBMISSION;BOT_TAKER;TOMATOES;XIRECS;4988.0;3
107200;BOT_TAKER;SUBMISSION;TOMATOES;XIRECS;4999.0;3
107500;SUBMISSION;BOT_TAKER;EMERALDS;XIRECS;9993.0;6
107900;SUBMISSION;BOT;EMERALDS;XIRECS;10000.0;7
108300;SUBMISSION;BOT_TAKER;TOMATOES;XIRECS;4985.0;5
111500;BOT_TAKER;SUBMISSION;TOMATOES;XIRECS;4995.0;2
111700;SUBMISSION;BOT_TAKER;EMERALDS;XIRECS;9993.0;3
112100;SUBMISSION;BOT;TOMATOES;XIRECS;4987.0;5
112200;BOT;SUBMISSION;EMERALDS;XIRECS;10000.0;8
113800;BOT_TAKER;BOT_MAKER;TOMATOES;XIRECS;4993.0;2
114500;BOT_TAKER;SUBMISSION;TOMATOES;XIRECS;4996.0;2
114600;SUBMISSION;BOT_TAKER;TOMATOES;XIRECS;4985.0;5
115000;BOT;SUBMISSION;EMERALDS;XIRECS;10000.0;7
115100;BOT_TAKER;SUBMISSION;TOMATOES;XIRECS;4996.0;2
115400;BOT;SUBMISSION;EMERALDS;XIRECS;10000.0;10
115900;SUBMISSION;BOT;EMERALDS;XIRECS;10000.0;5
116000;SUBMISSION;BOT_TAKER;TOMATOES;XIRECS;4983.0;2
119000;SUBMISSION;BOT_TAKER;TOMATOES;XIRECS;4979.0;4
119200;BOT_MAKER;BOT_TAKER;TOMATOES;XIRECS;4978.0;4
120100;BOT_TAKER;SUBMISSION;TOMATOES;XIRECS;4991.0;4
122300;SUBMISSION;BOT;EMERALDS;XIRECS;10000.0;8
122600;BOT_TAKER;SUBMISSION;TOMATOES;XIRECS;4990.0;2
123000;BOT;SUBMISSION;EMERALDS;XIRECS;10000.0;8
124500;SUBMISSION;BOT_TAKER;TOMATOES;XIRECS;4978.0;2
125400;BOT_MAKER;BOT_TAKER;TOMATOES;XIRECS;4977.0;5
126300;BOT_TAKER;SUBMISSION;EMERALDS;XIRECS;10007.0;5
127300;SUBMISSION;BOT;EMERALDS;XIRECS;10000.0;8
127900;BOT;SUBMISSION;EMERALDS;XIRECS;10000.0;7
128200;SUBMISSION;BOT_TAKER;EMERALDS;XIRECS;9993.0;5
128900;SUBMISSION;BOT;EMERALDS;XIRECS;10000.0;6
129600;BOT_TAKER;SUBMISSION;EMERALDS;XIRECS;10007.0;5
130200;BOT;SUBMISSION;EMERALDS;XIRECS;10000.0;10
130900;BOT;SUBMISSION;TOMATOES;XIRECS;4983.0;10
131000;SUBMISSION;BOT_TAKER;TOMATOES;XIRECS;4976.0;3
131300;SUBMISSION;BOT_TAKER;TOMATOES;XIRECS;4976.0;5
132400;BOT_TAKER;SUBMISSION;TOMATOES;XIRECS;4989.0;4
134900;BOT;SUBMISSION;EMERALDS;XIRECS;10000.0;8
135000;SUBMISSION;BOT_TAKER;EMERALDS;XIRECS;10000.0;5
136100;SUBMISSION;BOT;EMERALDS;XIRECS;10000.0;9
138000;BOT_TAKER;SUBMISSION;TOMATOES;XIRECS;4993.0;2
138600;SUBMISSION;BOT;EMERALDS;XIRECS;10000.0;10
138800;BOT_TAKER;SUBMISSION;EMERALDS;XIRECS;10007.0;3
139500;SUBMISSION;BOT;TOMATOES;XIRECS;4986.0;2
140000;BOT_TAKER;SUBMISSION;TOMATOES;XIRECS;4992.0;4
140600;BOT;SUBMISSION;EMERALDS;XIRECS;10000.0;9
141200;BOT;SUBMISSION;EMERALDS;XIRECS;10000.0;10
141500;SUBMISSION;BOT_TAKER;TOMATOES;XIRECS;4981.0;5
143000;SUBMISSION;BOT_TAKER;TOMATOES;XIRECS;4981.0;5
143600;SUBMISSION;BOT;EMERALDS;XIRECS;10000.0;9
143800;SUBMISSION;BOT_TAKER;EMERALDS;XIRECS;9993.0;3
144000;BOT_MAKER;BOT_TAKER;TOMATOES;XIRECS;4978.0;2
145300;SUBMISSION;BOT_TAKER;TOMATOES;XIRECS;4974.0;3
148900;SUBMISSION;BOT;EMERALDS;XIRECS;10000.0;5
149800;SUBMISSION;BOT;EMERALDS;XIRECS;10000.0;10
151300;SUBMISSION;BOT_TAKER;EMERALDS;XIRECS;9993.0;6
151500;SUBMISSION;BOT;EMERALDS;XIRECS;10000.0;9
151900;BOT_TAKER;SUBMISSION;TOMATOES;XIRECS;4993.0;3
153200;BOT_TAKER;SUBMISSION;EMERALDS;XIRECS;10007.0;3
154000;BOT_TAKER;SUBMISSION;EMERALDS;XIRECS;10007.0;7
154100;BOT;SUBMISSION;EMERALDS;XIRECS;10000.0;10
155300;SUBMISSION;BOT_TAKER;EMERALDS;XIRECS;9993.0;6
156100;SUBMISSION;BOT_TAKER;EMERALDS;XIRECS;9993.0;6
156500;SUBMISSION;BOT_TAKER;EMERALDS;XIRECS;9993.0;4
156600;BOT_TAKER;SUBMISSION;TOMATOES;XIRECS;4988.0;4
157300;SUBMISSION;BOT_TAKER;TOMATOES;XIRECS;4976.0;3
158800;BOT_MAKER;BOT_TAKER;TOMATOES;XIRECS;4977.0;2
158900;BOT_TAKER;SUBMISSION;EMERALDS;XIRECS;10007.0;8
159600;BOT_MAKER;BOT_TAKER;TOMATOES;XIRECS;4977.0;3
159800;BOT_TAKER;SUBMISSION;TOMATOES;XIRECS;4990.0;5
160100;SUBMISSION;BOT;EMERALDS;XIRECS;10000.0;6
160700;SUBMISSION;BOT;EMERALDS;XIRECS;10000.0;5
161800;SUBMISSION;BOT;EMERALDS;XIRECS;10000.0;7
162700;SUBMISSION;BOT_TAKER;TOMATOES;XIRECS;4979.0;4
162900;SUBMISSION;BOT;EMERALDS;XIRECS;10000.0;9
164900;BOT;SUBMISSION;EMERALDS;XIRECS;10000.0;6
165400;BOT_MAKER;BOT_TAKER;TOMATOES;XIRECS;4980.0;2
166000;BOT_TAKER;BOT_MAKER;TOMATOES;XIRECS;4987.0;3
167400;BOT_TAKER;SUBMISSION;TOMATOES;XIRECS;4998.0;4
167700;BOT_TAKER;SUBMISSION;TOMATOES;XIRECS;4998.0;2
168600;BOT_TAKER;SUBMISSION;TOMATOES;XIRECS;4999.0;3
170500;BOT_MAKER;BOT_TAKER;TOMATOES;XIRECS;4994.0;2
172100;SUBMISSION;BOT;TOMATOES;XIRECS;4992.0;10
173400;BOT_MAKER;BOT_TAKER;TOMATOES;XIRECS;4987.0;2
174400;BOT_TAKER;SUBMISSION;TOMATOES;XIRECS;4998.0;3
174700;SUBMISSION;BOT;EMERALDS;XIRECS;10000.0;7
174900;SUBMISSION;BOT_TAKER;TOMATOES;XIRECS;4987.0;5
175100;BOT;SUBMISSION;TOMATOES;XIRECS;4994.0;9
176200;SUBMISSION;BOT;EMERALDS;XIRECS;10000.0;7
176800;SUBMISSION;BOT_TAKER;TOMATOES;XIRECS;4993.0;3
178000;BOT_TAKER;SUBMISSION;TOMATOES;XIRECS;5005.0;5
180400;SUBMISSION;BOT;EMERALDS;XIRECS;10000.0;8
180600;SUBMISSION;BOT;TOMATOES;XIRECS;4993.0;6
183100;SUBMISSION;BOT;EMERALDS;XIRECS;10000.0;7
183200;SUBMISSION;BOT_TAKER;TOMATOES;XIRECS;4985.0;3
183400;SUBMISSION;BOT;EMERALDS;XIRECS;10000.0;9
183600;BOT_MAKER;BOT_TAKER;TOMATOES;XIRECS;4985.0;2
184800;BOT;SUBMISSION;TOMATOES;XIRECS;4992.0;4
185000;SUBMISSION;BOT_TAKER;TOMATOES;XIRECS;4987.0;3
185500;BOT;SUBMISSION;EMERALDS;XIRECS;10000.0;7
185500;BOT_TAKER;SUBMISSION;EMERALDS;XIRECS;10007.0;7
186600;SUBMISSION;BOT_TAKER;TOMATOES;XIRECS;4983.0;5
188800;SUBMISSION;BOT_TAKER;EMERALDS;XIRECS;9993.0;6
189300;BOT;SUBMISSION;TOMATOES;XIRECS;4990.0;5
190600;BOT;SUBMISSION;EMERALDS;XIRECS;10000.0;9
191700;BOT_TAKER;SUBMISSION;EMERALDS;XIRECS;10007.0;6
193300;SUBMISSION;BOT_TAKER;EMERALDS;XIRECS;9993.0;5
193600;BOT_TAKER;SUBMISSION;TOMATOES;XIRECS;4998.0;4
193800;BOT_TAKER;SUBMISSION;EMERALDS;XIRECS;10007.0;4
193800;SUBMISSION;BOT_TAKER;TOMATOES;XIRECS;4987.0;4
195200;BOT_TAKER;SUBMISSION;TOMATOES;XIRECS;4997.0;3
195900;SUBMISSION;BOT_TAKER;TOMATOES;XIRECS;4985.0;3
198500;BOT_TAKER;SUBMISSION;TOMATOES;XIRECS;4996.0;4
200800;SUBMISSION;BOT_TAKER;TOMATOES;XIRECS;4984.0;2
201100;BOT_TAKER;SUBMISSION;TOMATOES;XIRECS;4996.0;5
201200;SUBMISSION;BOT_TAKER;EMERALDS;XIRECS;9993.0;4
201800;BOT;SUBMISSION;EMERALDS;XIRECS;10000.0;9
201800;SUBMISSION;BOT;TOMATOES;XIRECS;4988.0;10
203100;BOT;SUBMISSION;TOMATOES;XIRECS;4990.0;4
204300;BOT_TAKER;SUBMISSION;TOMATOES;XIRECS;4997.0;2
205400;BOT_TAKER;SUBMISSION;EMERALDS;XIRECS;10007.0;6
206100;BOT_TAKER;SUBMISSION;TOMATOES;XIRECS;4997.0;3
206300;BOT_TAKER;BOT_MAKER;TOMATOES;XIRECS;4996.0;3
207400;SUBMISSION;BOT_TAKER;EMERALDS;XIRECS;9993.0;7
207700;SUBMISSION;BOT_TAKER;EMERALDS;XIRECS;9993.0;5
208600;SUBMISSION;BOT;TOMATOES;XIRECS;4986.0;7
209600;BOT;SUBMISSION;TOMATOES;XIRECS;4987.0;8
210400;SUBMISSION;BOT_TAKER;TOMATOES;XIRECS;4979.0;5
211300;BOT_TAKER;SUBMISSION;EMERALDS;XIRECS;10007.0;5
212300;BOT;SUBMISSION;EMERALDS;XIRECS;10000.0;6
214500;BOT_TAKER;SUBMISSION;EMERALDS;XIRECS;10007.0;7
215400;BOT_TAKER;SUBMISSION;EMERALDS;XIRECS;10007.0;8
215800;SUBMISSION;BOT_TAKER;TOMATOES;XIRECS;4982.0;2
215900;BOT;SUBMISSION;EMERALDS;XIRECS;10000.0;9
217900;BOT_TAKER;SUBMISSION;EMERALDS;XIRECS;10007.0;6
218800;SUBMISSION;BOT;EMERALDS;XIRECS;10000.0;10
227400;BOT_TAKER;SUBMISSION;TOMATOES;XIRECS;4985.0;4
228400;SUBMISSION;BOT;EMERALDS;XIRECS;10000.0;9
229700;SUBMISSION;BOT_TAKER;TOMATOES;XIRECS;4973.0;5
229800;BOT_TAKER;SUBMISSION;TOMATOES;XIRECS;4984.0;5
230300;BOT;SUBMISSION;EMERALDS;XIRECS;10000.0;10
233100;SUBMISSION;BOT_TAKER;TOMATOES;XIRECS;4971.0;3
234000;BOT_TAKER;SUBMISSION;EMERALDS;XIRECS;10007.0;3
234000;BOT_TAKER;SUBMISSION;TOMATOES;XIRECS;4982.0;5
234100;BOT_TAKER;SUBMISSION;EMERALDS;XIRECS;10007.0;6
235400;BOT_TAKER;SUBMISSION;EMERALDS;XIRECS;10007.0;3
235700;SUBMISSION;BOT_TAKER;TOMATOES;XIRECS;4973.0;4
236200;SUBMISSION;BOT_TAKER;TOMATOES;XIRECS;4972.0;2
236500;BOT_TAKER;SUBMISSION;TOMATOES;XIRECS;4983.0;4
237400;SUBMISSION;BOT;EMERALDS;XIRECS;10000.0;9
238000;SUBMISSION;BOT;EMERALDS;XIRECS;10000.0;5
238800;BOT_MAKER;BOT_TAKER;TOMATOES;XIRECS;4976.0;3
239000;SUBMISSION;BOT_TAKER;EMERALDS;XIRECS;9993.0;6
239700;BOT_TAKER;SUBMISSION;TOMATOES;XIRECS;4982.0;3
241100;SUBMISSION;BOT;TOMATOES;XIRECS;4973.0;12
241700;BOT_TAKER;SUBMISSION;TOMATOES;XIRECS;4977.0;4
242000;SUBMISSION;BOT_TAKER;TOMATOES;XIRECS;4966.0;4
242300;BOT_TAKER;SUBMISSION;TOMATOES;XIRECS;4977.0;6
244900;SUBMISSION;BOT_TAKER;TOMATOES;XIRECS;4964.0;4
245200;SUBMISSION;BOT;EMERALDS;XIRECS;10000.0;10
245300;BOT;SUBMISSION;TOMATOES;XIRECS;4971.0;6
247000;BOT;SUBMISSION;EMERALDS;XIRECS;10000.0;6
250000;BOT_TAKER;SUBMISSION;TOMATOES;XIRECS;4973.0;3
250400;SUBMISSION;BOT;EMERALDS;XIRECS;10000.0;5
250700;BOT;SUBMISSION;EMERALDS;XIRECS;10000.0;9
252800;SUBMISSION;BOT_TAKER;TOMATOES;XIRECS;4962.0;3
253200;SUBMISSION;BOT;EMERALDS;XIRECS;10000.0;8
253700;SUBMISSION;BOT_TAKER;TOMATOES;XIRECS;4960.0;2
254000;BOT_TAKER;SUBMISSION;EMERALDS;XIRECS;10007.0;8
258200;BOT_TAKER;SUBMISSION;EMERALDS;XIRECS;10007.0;7
261800;SUBMISSION;BOT_TAKER;EMERALDS;XIRECS;9993.0;4
263900;SUBMISSION;BOT_TAKER;TOMATOES;XIRECS;4962.0;2
264900;BOT_MAKER;BOT_TAKER;TOMATOES;XIRECS;4960.0;3
265400;BOT;SUBMISSION;EMERALDS;XIRECS;10000.0;5
265600;SUBMISSION;BOT_TAKER;TOMATOES;XIRECS;4961.0;2
266200;BOT_TAKER;SUBMISSION;TOMATOES;XIRECS;4973.0;3
267600;BOT_TAKER;SUBMISSION;TOMATOES;XIRECS;4971.0;5
268100;SUBMISSION;BOT_TAKER;TOMATOES;XIRECS;4960.0;2
268900;SUBMISSION;BOT_TAKER;TOMATOES;XIRECS;4959.0;3
269200;BOT_TAKER;SUBMISSION;EMERALDS;XIRECS;10007.0;3
269800;SUBMISSION;BOT_TAKER;EMERALDS;XIRECS;9993.0;7
270000;SUBMISSION;BOT_TAKER;TOMATOES;XIRECS;4957.0;2
272700;SUBMISSION;BOT_TAKER;EMERALDS;XIRECS;9993.0;6
273200;BOT;SUBMISSION;EMERALDS;XIRECS;10000.0;6
274600;BOT_TAKER;SUBMISSION;EMERALDS;XIRECS;10007.0;6
274700;BOT;SUBMISSION;TOMATOES;XIRECS;4956.0;4
275300;BOT;SUBMISSION;EMERALDS;XIRECS;10000.0;6
276800;SUBMISSION;BOT_TAKER;TOMATOES;XIRECS;4949.0;3
277500;BOT;SUBMISSION;EMERALDS;XIRECS;10000.0;9
278300;BOT;SUBMISSION;TOMATOES;XIRECS;4954.0;3
278700;BOT;SUBMISSION;EMERALDS;XIRECS;10000.0;6
279500;BOT_TAKER;SUBMISSION;TOMATOES;XIRECS;4962.0;3
279900;SUBMISSION;BOT_TAKER;TOMATOES;XIRECS;4952.0;3
280200;BOT_TAKER;SUBMISSION;TOMATOES;XIRECS;4964.0;2
281800;SUBMISSION;BOT;TOMATOES;XIRECS;4957.0;7
283000;BOT;SUBMISSION;TOMATOES;XIRECS;4956.0;2
286100;BOT;SUBMISSION;TOMATOES;XIRECS;4958.0;3
286100;BOT_TAKER;SUBMISSION;EMERALDS;XIRECS;10007.0;7
286200;BOT_TAKER;SUBMISSION;EMERALDS;XIRECS;10007.0;4
286800;SUBMISSION;BOT_TAKER;TOMATOES;XIRECS;4955.0;3
288100;BOT_TAKER;SUBMISSION;TOMATOES;XIRECS;4965.0;5
288400;BOT_TAKER;SUBMISSION;TOMATOES;XIRECS;4964.0;2
289400;BOT;SUBMISSION;EMERALDS;XIRECS;10000.0;7
289600;SUBMISSION;BOT;EMERALDS;XIRECS;10000.0;9
289800;BOT_TAKER;SUBMISSION;TOMATOES;XIRECS;4962.0;4
292300;BOT_MAKER;BOT_TAKER;TOMATOES;XIRECS;4957.0;3
292300;SUBMISSION;BOT_TAKER;TOMATOES;XIRECS;4957.0;2
295000;BOT;SUBMISSION;EMERALDS;XIRECS;10000.0;9
300400;SUBMISSION;BOT;TOMATOES;XIRECS;4950.0;12
304000;BOT_TAKER;SUBMISSION;TOMATOES;XIRECS;4954.0;5
308100;SUBMISSION;BOT;EMERALDS;XIRECS;10000.0;8
308700;BOT;SUBMISSION;EMERALDS;XIRECS;10000.0;8
310600;BOT_MAKER;BOT_TAKER;TOMATOES;XIRECS;4943.0;2
311300;BOT_MAKER;BOT_TAKER;TOMATOES;XIRECS;4944.0;4
311500;SUBMISSION;BOT;EMERALDS;XIRECS;10000.0;5
311600;SUBMISSION;BOT;EMERALDS;XIRECS;10000.0;7
312600;SUBMISSION;BOT;EMERALDS;XIRECS;10000.0;7
315800;BOT_TAKER;SUBMISSION;TOMATOES;XIRECS;4952.0;3
317500;BOT_TAKER;SUBMISSION;EMERALDS;XIRECS;10007.0;8
317700;BOT;SUBMISSION;EMERALDS;XIRECS;10000.0;9
318500;SUBMISSION;BOT_TAKER;EMERALDS;XIRECS;10000.0;7
319300;SUBMISSION;BOT_TAKER;EMERALDS;XIRECS;10000.0;7
320300;SUBMISSION;BOT_TAKER;EMERALDS;XIRECS;9993.0;7
321700;SUBMISSION;BOT_TAKER;TOMATOES;XIRECS;4942.0;3
322600;SUBMISSION;BOT_TAKER;TOMATOES;XIRECS;4942.0;5
322700;BOT_TAKER;SUBMISSION;EMERALDS;XIRECS;10007.0;3
323300;BOT_MAKER;BOT_TAKER;TOMATOES;XIRECS;4940.0;4
323700;BOT_TAKER;SUBMISSION;EMERALDS;XIRECS;10007.0;6
323900;BOT;SUBMISSION;TOMATOES;XIRECS;4948.0;12
324800;SUBMISSION;BOT_TAKER;TOMATOES;XIRECS;4940.0;2
325000;BOT_TAKER;BOT_MAKER;TOMATOES;XIRECS;4951.0;4
325100;SUBMISSION;BOT;EMERALDS;XIRECS;10000.0;8
325400;SUBMISSION;BOT;EMERALDS;XIRECS;10000.0;7
326100;BOT_TAKER;BOT_MAKER;TOMATOES;XIRECS;4945.0;5
327200;BOT_TAKER;SUBMISSION;EMERALDS;XIRECS;10007.0;3
328600;SUBMISSION;BOT;EMERALDS;XIRECS;10000.0;8
329800;BOT_TAKER;SUBMISSION;EMERALDS;XIRECS;10007.0;5
331100;SUBMISSION;BOT_TAKER;TOMATOES;XIRECS;4941.0;3
332800;SUBMISSION;BOT_TAKER;TOMATOES;XIRECS;4939.0;3
334100;BOT_TAKER;SUBMISSION;EMERALDS;XIRECS;10007.0;6
334200;BOT_MAKER;BOT_TAKER;TOMATOES;XIRECS;4941.0;5
335200;BOT_MAKER;BOT_TAKER;TOMATOES;XIRECS;4942.0;4
336200;SUBMISSION;BOT;EMERALDS;XIRECS;10000.0;9
336500;BOT;SUBMISSION;TOMATOES;XIRECS;4949.0;8
336800;BOT_TAKER;SUBMISSION;TOMATOES;XIRECS;4954.0;5
337900;SUBMISSION;BOT;TOMATOES;XIRECS;4950.0;2
338700;SUBMISSION;BOT_TAKER;EMERALDS;XIRECS;9993.0;4
340100;BOT;SUBMISSION;EMERALDS;XIRECS;10000.0;7
342000;SUBMISSION;BOT;TOMATOES;XIRECS;4950.0;3
342000;BOT_TAKER;SUBMISSION;TOMATOES;XIRECS;4955.0;5
343700;SUBMISSION;BOT;EMERALDS;XIRECS;10000.0;10
343700;BOT_TAKER;BOT_MAKER;TOMATOES;XIRECS;4957.0;3
345200;SUBMISSION;BOT;EMERALDS;XIRECS;10000.0;8
345800;SUBMISSION;BOT;TOMATOES;XIRECS;4950.0;11
346100;SUBMISSION;BOT;EMERALDS;XIRECS;10000.0;5
350900;BOT;SUBMISSION;TOMATOES;XIRECS;4951.0;8
352700;BOT_TAKER;BOT_MAKER;TOMATOES;XIRECS;4958.0;3
354500;SUBMISSION;BOT_TAKER;EMERALDS;XIRECS;9993.0;6
354800;BOT;SUBMISSION;EMERALDS;XIRECS;10000.0;10
357900;BOT;SUBMISSION;EMERALDS;XIRECS;10000.0;10
358300;SUBMISSION;BOT_TAKER;TOMATOES;XIRECS;4953.0;3
358700;BOT;SUBMISSION;EMERALDS;XIRECS;10000.0;9
359000;SUBMISSION;BOT;TOMATOES;XIRECS;4957.0;5
361400;BOT_TAKER;SUBMISSION;TOMATOES;XIRECS;4962.0;4
362700;SUBMISSION;BOT_TAKER;TOMATOES;XIRECS;4949.0;3
363000;SUBMISSION;BOT_TAKER;TOMATOES;XIRECS;4949.0;2
363100;SUBMISSION;BOT;EMERALDS;XIRECS;10000.0;7
365200;BOT;SUBMISSION;EMERALDS;XIRECS;10000.0;5
368800;SUBMISSION;BOT_TAKER;TOMATOES;XIRECS;4952.0;5
370100;BOT_TAKER;SUBMISSION;TOMATOES;XIRECS;4966.0;2
370200;BOT_TAKER;SUBMISSION;TOMATOES;XIRECS;4966.0;2
371100;SUBMISSION;BOT;EMERALDS;XIRECS;10000.0;10
372100;BOT;SUBMISSION;EMERALDS;XIRECS;10000.0;10
372200;SUBMISSION;BOT_TAKER;TOMATOES;XIRECS;4955.0;4
372600;BOT_TAKER;SUBMISSION;TOMATOES;XIRECS;4966.0;5
373800;BOT_MAKER;BOT_TAKER;TOMATOES;XIRECS;4956.0;2
374500;BOT;SUBMISSION;EMERALDS;XIRECS;10000.0;10
374600;BOT;SUBMISSION;EMERALDS;XIRECS;10000.0;7
375600;BOT;SUBMISSION;EMERALDS;XIRECS;10000.0;6
375800;SUBMISSION;BOT;EMERALDS;XIRECS;10000.0;8
376000;SUBMISSION;BOT;EMERALDS;XIRECS;10000.0;8
376100;BOT_TAKER;SUBMISSION;TOMATOES;XIRECS;4969.0;4
380100;BOT;SUBMISSION;EMERALDS;XIRECS;10000.0;6
380100;BOT_TAKER;SUBMISSION;EMERALDS;XIRECS;10007.0;8
380200;SUBMISSION;BOT_TAKER;EMERALDS;XIRECS;10000.0;5
380600;SUBMISSION;BOT_TAKER;EMERALDS;XIRECS;9993.0;5
380600;SUBMISSION;BOT_TAKER;TOMATOES;XIRECS;4956.0;3
383500;BOT_TAKER;SUBMISSION;TOMATOES;XIRECS;4965.0;2
384000;SUBMISSION;BOT;EMERALDS;XIRECS;10000.0;10
384800;SUBMISSION;BOT_TAKER;TOMATOES;XIRECS;4956.0;5
385500;BOT_TAKER;SUBMISSION;EMERALDS;XIRECS;10007.0;6
386300;BOT;SUBMISSION;TOMATOES;XIRECS;4966.0;12
389400;BOT;SUBMISSION;EMERALDS;XIRECS;10000.0;6
389600;SUBMISSION;BOT;TOMATOES;XIRECS;4969.0;8
390300;SUBMISSION;BOT_TAKER;EMERALDS;XIRECS;9993.0;6
391400;SUBMISSION;BOT_TAKER;TOMATOES;XIRECS;4965.0;2
392400;SUBMISSION;BOT;EMERALDS;XIRECS;10000.0;7
396500;SUBMISSION;BOT_TAKER;EMERALDS;XIRECS;9993.0;3
398300;BOT_TAKER;SUBMISSION;EMERALDS;XIRECS;10007.0;5
399000;SUBMISSION;BOT;EMERALDS;XIRECS;10000.0;5
405300;BOT;SUBMISSION;EMERALDS;XIRECS;10000.0;7
405400;BOT_TAKER;SUBMISSION;TOMATOES;XIRECS;4983.0;2
406700;SUBMISSION;BOT_TAKER;TOMATOES;XIRECS;4973.0;2
407200;BOT;SUBMISSION;EMERALDS;XIRECS;10000.0;10
407400;SUBMISSION;BOT_TAKER;TOMATOES;XIRECS;4973.0;4
409100;BOT;SUBMISSION;EMERALDS;XIRECS;10000.0;10
409200;BOT;SUBMISSION;EMERALDS;XIRECS;10000.0;5
409500;BOT_TAKER;SUBMISSION;EMERALDS;XIRECS;10007.0;2
409500;BOT_TAKER;BOT_MAKER;EMERALDS;XIRECS;10008.0;6
409700;BOT_MAKER;BOT_TAKER;TOMATOES;XIRECS;4973.0;2
409800;SUBMISSION;BOT;EMERALDS;XIRECS;10000.0;5
410400;BOT_MAKER;BOT_TAKER;TOMATOES;XIRECS;4974.0;2
410700;BOT;SUBMISSION;TOMATOES;XIRECS;4978.0;5
411000;SUBMISSION;BOT;EMERALDS;XIRECS;10000.0;7
412000;SUBMISSION;BOT_TAKER;TOMATOES;XIRECS;4971.0;4
413800;BOT;SUBMISSION;TOMATOES;XIRECS;4977.0;3
414200;SUBMISSION;BOT;EMERALDS;XIRECS;10000.0;5
416100;SUBMISSION;BOT;EMERALDS;XIRECS;10000.0;7
416200;SUBMISSION;BOT;EMERALDS;XIRECS;10000.0;7
416500;BOT_TAKER;SUBMISSION;EMERALDS;XIRECS;10007.0;8
416700;SUBMISSION;BOT;EMERALDS;XIRECS;10000.0;8
417900;BOT;SUBMISSION;TOMATOES;XIRECS;4974.0;4
418100;BOT_TAKER;SUBMISSION;TOMATOES;XIRECS;4979.0;5
418300;BOT;SUBMISSION;EMERALDS;XIRECS;10000.0;5
418400;BOT;SUBMISSION;EMERALDS;XIRECS;10000.0;5
418500;SUBMISSION;BOT;TOMATOES;XIRECS;4972.0;7
418600;BOT;SUBMISSION;EMERALDS;XIRECS;10000.0;5
418900;SUBMISSION;BOT_TAKER;EMERALDS;XIRECS;9993.0;8
419100;SUBMISSION;BOT_TAKER;TOMATOES;XIRECS;4966.0;4
419200;BOT;SUBMISSION;TOMATOES;XIRECS;4973.0;11
421300;BOT_TAKER;BOT_MAKER;TOMATOES;XIRECS;4977.0;3
421500;BOT_TAKER;BOT_MAKER;TOMATOES;XIRECS;4977.0;5
424800;SUBMISSION;BOT;EMERALDS;XIRECS;10000.0;5
428000;SUBMISSION;BOT_TAKER;EMERALDS;XIRECS;9993.0;5
429100;SUBMISSION;BOT;EMERALDS;XIRECS;10000.0;8
430100;SUBMISSION;BOT_TAKER;EMERALDS;XIRECS;9993.0;3
431400;SUBMISSION;BOT_TAKER;EMERALDS;XIRECS;9993.0;7
432400;BOT;SUBMISSION;EMERALDS;XIRECS;10000.0;6
433400;BOT_TAKER;BOT_MAKER;TOMATOES;XIRECS;4974.0;3
435000;SUBMISSION;BOT_TAKER;EMERALDS;XIRECS;9993.0;5
435300;BOT_TAKER;BOT_MAKER;TOMATOES;XIRECS;4973.0;2
436700;SUBMISSION;BOT;TOMATOES;XIRECS;4965.0;12
436700;SUBMISSION;BOT_TAKER;TOMATOES;XIRECS;4961.0;3
437600;BOT_MAKER;BOT_TAKER;TOMATOES;XIRECS;4958.0;5
438000;SUBMISSION;BOT;EMERALDS;XIRECS;10000.0;8
438000;BOT_MAKER;BOT_TAKER;TOMATOES;XIRECS;4959.0;4
439200;BOT_TAKER;SUBMISSION;TOMATOES;XIRECS;4974.0;3
439400;BOT;SUBMISSION;TOMATOES;XIRECS;4967.0;3
439600;SUBMISSION;BOT_TAKER;TOMATOES;XIRECS;4963.0;3
441600;BOT;SUBMISSION;TOMATOES;XIRECS;4969.0;7
442800;SUBMISSION;BOT_TAKER;TOMATOES;XIRECS;4961.0;4
443100;BOT;SUBMISSION;EMERALDS;XIRECS;10000.0;7
443400;SUBMISSION;BOT;EMERALDS;XIRECS;10000.0;10
443600;SUBMISSION;BOT;EMERALDS;XIRECS;10000.0;7
444000;BOT;SUBMISSION;TOMATOES;XIRECS;4970.0;7
445900;SUBMISSION;BOT;EMERALDS;XIRECS;10000.0;5
445900;BOT_TAKER;SUBMISSION;TOMATOES;XIRECS;4976.0;4
446000;SUBMISSION;BOT;EMERALDS;XIRECS;10000.0;6
446200;SUBMISSION;BOT_TAKER;TOMATOES;XIRECS;4965.0;3
446500;SUBMISSION;BOT_TAKER;EMERALDS;XIRECS;9993.0;8
448400;BOT;SUBMISSION;EMERALDS;XIRECS;10000.0;8
448600;SUBMISSION;BOT;EMERALDS;XIRECS;10000.0;7
449600;SUBMISSION;BOT;EMERALDS;XIRECS;10000.0;10
451500;BOT;SUBMISSION;EMERALDS;XIRECS;10000.0;6
451700;SUBMISSION;BOT_TAKER;EMERALDS;XIRECS;9993.0;3
452100;BOT_TAKER;SUBMISSION;EMERALDS;XIRECS;10007.0;5
452400;BOT;SUBMISSION;EMERALDS;XIRECS;10000.0;8
452800;BOT_TAKER;SUBMISSION;EMERALDS;XIRECS;10007.0;7
453900;SUBMISSION;BOT;EMERALDS;XIRECS;10000.0;9
454000;BOT_TAKER;SUBMISSION;TOMATOES;XIRECS;4979.0;5
455100;SUBMISSION;BOT_TAKER;TOMATOES;XIRECS;4967.0;2
457200;SUBMISSION;BOT;EMERALDS;XIRECS;10000.0;7
458800;SUBMISSION;BOT_TAKER;TOMATOES;XIRECS;4964.0;4
459700;SUBMISSION;BOT;TOMATOES;XIRECS;4969.0;6
460600;SUBMISSION;BOT_TAKER;EMERALDS;XIRECS;9993.0;8
460800;BOT;SUBMISSION;EMERALDS;XIRECS;10000.0;6
461000;SUBMISSION;BOT_TAKER;EMERALDS;XIRECS;9993.0;8
464700;SUBMISSION;BOT;EMERALDS;XIRECS;10000.0;9
465500;BOT_TAKER;SUBMISSION;TOMATOES;XIRECS;4972.0;3
465700;BOT;SUBMISSION;EMERALDS;XIRECS;10000.0;9
465900;SUBMISSION;BOT_TAKER;TOMATOES;XIRECS;4964.0;5
466600;BOT;SUBMISSION;TOMATOES;XIRECS;4968.0;2
467700;SUBMISSION;BOT_TAKER;EMERALDS;XIRECS;9993.0;6
468800;BOT_MAKER;BOT_TAKER;TOMATOES;XIRECS;4965.0;3
471300;BOT_TAKER;SUBMISSION;EMERALDS;XIRECS;10007.0;3
471500;SUBMISSION;BOT_TAKER;TOMATOES;XIRECS;4967.0;3
472400;BOT_TAKER;SUBMISSION;TOMATOES;XIRECS;4978.0;3
473400;BOT_TAKER;SUBMISSION;TOMATOES;XIRECS;4977.0;4
474500;BOT_TAKER;SUBMISSION;TOMATOES;XIRECS;4979.0;4
476600;BOT;SUBMISSION;EMERALDS;XIRECS;10000.0;6
476600;SUBMISSION;BOT;TOMATOES;XIRECS;4973.0;9
477600;BOT_TAKER;SUBMISSION;TOMATOES;XIRECS;4982.0;3
479100;SUBMISSION;BOT;EMERALDS;XIRECS;10000.0;8
479900;BOT_TAKER;SUBMISSION;TOMATOES;XIRECS;4981.0;5
480200;SUBMISSION;BOT;TOMATOES;XIRECS;4975.0;5
480900;SUBMISSION;BOT_TAKER;TOMATOES;XIRECS;4967.0;3
482200;SUBMISSION;BOT;EMERALDS;XIRECS;10000.0;9
482600;BOT_TAKER;SUBMISSION;TOMATOES;XIRECS;4978.0;2
483000;BOT;SUBMISSION;TOMATOES;XIRECS;4973.0;7
483100;SUBMISSION;BOT_TAKER;TOMATOES;XIRECS;4966.0;2
484400;SUBMISSION;BOT;TOMATOES;XIRECS;4972.0;8
485100;BOT_TAKER;SUBMISSION;TOMATOES;XIRECS;4978.0;2
485800;BOT;SUBMISSION;EMERALDS;XIRECS;10000.0;5
486500;BOT_TAKER;SUBMISSION;EMERALDS;XIRECS;10007.0;4
487200;SUBMISSION;BOT_TAKER;EMERALDS;XIRECS;9993.0;8
487300;SUBMISSION;BOT_TAKER;TOMATOES;XIRECS;4968.0;3
488000;SUBMISSION;BOT;EMERALDS;XIRECS;10000.0;7
488300;SUBMISSION;BOT_TAKER;TOMATOES;XIRECS;4968.0;2
490000;BOT;SUBMISSION;TOMATOES;XIRECS;4975.0;6
491000;BOT_TAKER;SUBMISSION;TOMATOES;XIRECS;4979.0;4
492300;SUBMISSION;BOT;TOMATOES;XIRECS;4976.0;3
492700;BOT;SUBMISSION;TOMATOES;XIRECS;4980.0;6
493200;BOT;SUBMISSION;EMERALDS;XIRECS;10000.0;10
493400;BOT;SUBMISSION;EMERALDS;XIRECS;10000.0;10
494900;SUBMISSION;BOT;EMERALDS;XIRECS;10000.0;5
496600;BOT_TAKER;SUBMISSION;EMERALDS;XIRECS;10007.0;7
497000;SUBMISSION;BOT;TOMATOES;XIRECS;4983.0;3
498000;SUBMISSION;BOT_TAKER;TOMATOES;XIRECS;4977.0;3
498300;BOT;SUBMISSION;EMERALDS;XIRECS;10000.0;8
501500;BOT_TAKER;SUBMISSION;TOMATOES;XIRECS;4988.0;3
503100;SUBMISSION;BOT_TAKER;EMERALDS;XIRECS;9993.0;7
504800;SUBMISSION;BOT;TOMATOES;XIRECS;4981.0;9
505000;BOT_TAKER;SUBMISSION;TOMATOES;XIRECS;4989.0;2
505900;BOT;SUBMISSION;EMERALDS;XIRECS;10000.0;10
507200;SUBMISSION;BOT_TAKER;EMERALDS;XIRECS;9993.0;6
507600;BOT_TAKER;SUBMISSION;TOMATOES;XIRECS;4987.0;2
509600;BOT_TAKER;SUBMISSION;EMERALDS;XIRECS;10007.0;5
509900;SUBMISSION;BOT;EMERALDS;XIRECS;10000.0;9
510000;BOT_TAKER;SUBMISSION;TOMATOES;XIRECS;4983.0;3
510600;BOT_TAKER;SUBMISSION;EMERALDS;XIRECS;10007.0;4
510800;SUBMISSION;BOT_TAKER;TOMATOES;XIRECS;4974.0;3
514200;BOT_TAKER;SUBMISSION;TOMATOES;XIRECS;4983.0;4
514800;BOT_TAKER;SUBMISSION;TOMATOES;XIRECS;4984.0;3
514900;BOT;SUBMISSION;EMERALDS;XIRECS;10000.0;8
516400;SUBMISSION;BOT_TAKER;TOMATOES;XIRECS;4972.0;4
516700;BOT_TAKER;SUBMISSION;EMERALDS;XIRECS;10007.0;7
518200;SUBMISSION;BOT_TAKER;EMERALDS;XIRECS;9993.0;6
519700;SUBMISSION;BOT_TAKER;TOMATOES;XIRECS;4972.0;4
521100;SUBMISSION;BOT;EMERALDS;XIRECS;10000.0;9
521400;BOT_MAKER;BOT_TAKER;TOMATOES;XIRECS;4973.0;3
522700;SUBMISSION;BOT_TAKER;TOMATOES;XIRECS;4974.0;3
523000;SUBMISSION;BOT;EMERALDS;XIRECS;10000.0;6
523200;BOT_MAKER;BOT_TAKER;TOMATOES;XIRECS;4973.0;5
523500;BOT_TAKER;SUBMISSION;TOMATOES;XIRECS;4984.0;5
524600;BOT_TAKER;SUBMISSION;EMERALDS;XIRECS;10007.0;7
525300;SUBMISSION;BOT_TAKER;EMERALDS;XIRECS;9993.0;4
526300;BOT_TAKER;SUBMISSION;TOMATOES;XIRECS;4983.0;2
527000;SUBMISSION;BOT_TAKER;TOMATOES;XIRECS;4973.0;2
527400;BOT_TAKER;SUBMISSION;EMERALDS;XIRECS;10007.0;7
530200;BOT_TAKER;SUBMISSION;TOMATOES;XIRECS;4981.0;4
530700;SUBMISSION;BOT_TAKER;EMERALDS;XIRECS;9993.0;6
531000;SUBMISSION;BOT;TOMATOES;XIRECS;4972.0;8
536700;BOT_TAKER;SUBMISSION;TOMATOES;XIRECS;4985.0;2
539700;SUBMISSION;BOT;EMERALDS;XIRECS;10000.0;10
539900;BOT;SUBMISSION;EMERALDS;XIRECS;10000.0;8
541200;BOT_TAKER;SUBMISSION;TOMATOES;XIRECS;4981.0;2
543100;SUBMISSION;BOT_TAKER;TOMATOES;XIRECS;4970.0;2
545000;BOT;SUBMISSION;EMERALDS;XIRECS;10000.0;6
545100;SUBMISSION;BOT_TAKER;EMERALDS;XIRECS;9993.0;6
545600;BOT;SUBMISSION;EMERALDS;XIRECS;10000.0;5
546600;SUBMISSION;BOT;EMERALDS;XIRECS;10000.0;9
547800;BOT_TAKER;SUBMISSION;TOMATOES;XIRECS;4985.0;2
548400;BOT_TAKER;SUBMISSION;EMERALDS;XIRECS;10007.0;4
549400;BOT;SUBMISSION;EMERALDS;XIRECS;10000.0;6
549700;SUBMISSION;BOT;EMERALDS;XIRECS;10000.0;9
550600;BOT;SUBMISSION;EMERALDS;XIRECS;10000.0;9
550700;SUBMISSION;BOT_TAKER;EMERALDS;XIRECS;9993.0;4
552200;BOT_TAKER;SUBMISSION;TOMATOES;XIRECS;4987.0;4
553400;BOT_TAKER;SUBMISSION;EMERALDS;XIRECS;10007.0;8
554200;SUBMISSION;BOT;TOMATOES;XIRECS;4980.0;6
555800;BOT;SUBMISSION;EMERALDS;XIRECS;10000.0;9
556500;SUBMISSION;BOT;EMERALDS;XIRECS;10000.0;5
557900;SUBMISSION;BOT;EMERALDS;XIRECS;10000.0;9
558000;BOT_TAKER;SUBMISSION;TOMATOES;XIRECS;4981.0;5
559100;BOT_TAKER;SUBMISSION;TOMATOES;XIRECS;4982.0;5
560200;SUBMISSION;BOT;EMERALDS;XIRECS;10000.0;8
560200;SUBMISSION;BOT_TAKER;TOMATOES;XIRECS;4973.0;5
560500;BOT_TAKER;SUBMISSION;TOMATOES;XIRECS;4985.0;2
560900;SUBMISSION;BOT_TAKER;TOMATOES;XIRECS;4974.0;5
561200;BOT;SUBMISSION;EMERALDS;XIRECS;10000.0;10
561500;BOT_TAKER;SUBMISSION;TOMATOES;XIRECS;4983.0;3
564600;BOT;SUBMISSION;EMERALDS;XIRECS;10000.0;9
565300;BOT_TAKER;SUBMISSION;TOMATOES;XIRECS;4984.0;5
565500;SUBMISSION;BOT;EMERALDS;XIRECS;10000.0;7
565600;SUBMISSION;BOT_TAKER;EMERALDS;XIRECS;9993.0;6
567300;BOT_TAKER;BOT_MAKER;TOMATOES;XIRECS;4984.0;4
567900;SUBMISSION;BOT;EMERALDS;XIRECS;10000.0;9
569000;SUBMISSION;BOT;EMERALDS;XIRECS;10000.0;6
571400;BOT;SUBMISSION;EMERALDS;XIRECS;10000.0;9
574000;SUBMISSION;BOT_TAKER;EMERALDS;XIRECS;9993.0;5
574000;BOT_MAKER;BOT_TAKER;TOMATOES;XIRECS;4974.0;5
574800;SUBMISSION;BOT;EMERALDS;XIRECS;10000.0;7
575700;BOT;SUBMISSION;EMERALDS;XIRECS;10000.0;8
575800;SUBMISSION;BOT;EMERALDS;XIRECS;10000.0;7
576500;SUBMISSION;BOT_TAKER;EMERALDS;XIRECS;9993.0;5
576600;SUBMISSION;BOT_TAKER;TOMATOES;XIRECS;4969.0;5
577500;BOT_TAKER;SUBMISSION;EMERALDS;XIRECS;10007.0;5
578200;SUBMISSION;BOT;EMERALDS;XIRECS;10000.0;5
581600;SUBMISSION;BOT;EMERALDS;XIRECS;10000.0;6
582400;SUBMISSION;BOT_TAKER;TOMATOES;XIRECS;4966.0;3
582800;BOT;SUBMISSION;EMERALDS;XIRECS;10000.0;9
583100;BOT_TAKER;SUBMISSION;TOMATOES;XIRECS;4979.0;3
584400;BOT;SUBMISSION;EMERALDS;XIRECS;10000.0;7
585600;SUBMISSION;BOT;EMERALDS;XIRECS;10000.0;5
586200;SUBMISSION;BOT_TAKER;TOMATOES;XIRECS;4963.0;5
587000;SUBMISSION;BOT_TAKER;TOMATOES;XIRECS;4962.0;4
587500;SUBMISSION;BOT;EMERALDS;XIRECS;10000.0;8
587600;SUBMISSION;BOT;EMERALDS;XIRECS;10000.0;8
588600;BOT_TAKER;SUBMISSION;TOMATOES;XIRECS;4972.0;5
588800;SUBMISSION;BOT_TAKER;TOMATOES;XIRECS;4961.0;3
588900;SUBMISSION;BOT_TAKER;TOMATOES;XIRECS;4960.0;3
589300;BOT_MAKER;BOT_TAKER;TOMATOES;XIRECS;4958.0;4
589800;BOT_TAKER;SUBMISSION;TOMATOES;XIRECS;4972.0;4
591400;SUBMISSION;BOT;EMERALDS;XIRECS;10000.0;7
591700;SUBMISSION;BOT_TAKER;EMERALDS;XIRECS;9993.0;5
592000;BOT_TAKER;SUBMISSION;EMERALDS;XIRECS;10007.0;3
592200;SUBMISSION;BOT;EMERALDS;XIRECS;10000.0;10
592800;SUBMISSION;BOT_TAKER;EMERALDS;XIRECS;9993.0;6
592900;SUBMISSION;BOT;EMERALDS;XIRECS;10000.0;8
593400;SUBMISSION;BOT_TAKER;TOMATOES;XIRECS;4961.0;3
594500;BOT_MAKER;BOT_TAKER;TOMATOES;XIRECS;4958.0;2
594700;BOT_TAKER;SUBMISSION;TOMATOES;XIRECS;4970.0;3
594900;BOT_MAKER;BOT_TAKER;TOMATOES;XIRECS;4959.0;3
596000;BOT;SUBMISSION;EMERALDS;XIRECS;10000.0;7
598200;SUBMISSION;BOT_TAKER;TOMATOES;XIRECS;4957.0;5
598500;BOT;SUBMISSION;TOMATOES;XIRECS;4962.0;4
599000;BOT_TAKER;SUBMISSION;EMERALDS;XIRECS;10000.0;6
599000;BOT_MAKER;BOT_TAKER;TOMATOES;XIRECS;4957.0;3
601600;BOT;SUBMISSION;EMERALDS;XIRECS;10000.0;7
604400;SUBMISSION;BOT_TAKER;EMERALDS;XIRECS;9993.0;4
604800;BOT_MAKER;BOT_TAKER;TOMATOES;XIRECS;4957.0;5
605900;BOT_TAKER;SUBMISSION;TOMATOES;XIRECS;4973.0;3
607800;SUBMISSION;BOT_TAKER;TOMATOES;XIRECS;4958.0;2
608700;SUBMISSION;BOT;EMERALDS;XIRECS;10000.0;10
609100;BOT;SUBMISSION;EMERALDS;XIRECS;10000.0;6
610400;BOT;SUBMISSION;TOMATOES;XIRECS;4968.0;4
612200;BOT_TAKER;SUBMISSION;EMERALDS;XIRECS;10007.0;4
616500;SUBMISSION;BOT_TAKER;TOMATOES;XIRECS;4963.0;5
618700;BOT;SUBMISSION;TOMATOES;XIRECS;4972.0;5
619100;SUBMISSION;BOT;EMERALDS;XIRECS;10000.0;6
619200;BOT_TAKER;SUBMISSION;TOMATOES;XIRECS;4977.0;5
623700;BOT_TAKER;SUBMISSION;TOMATOES;XIRECS;4983.0;5
624600;BOT;SUBMISSION;EMERALDS;XIRECS;10000.0;7
625500;SUBMISSION;BOT_TAKER;TOMATOES;XIRECS;4970.0;5
625800;BOT;SUBMISSION;EMERALDS;XIRECS;10000.0;7
629600;SUBMISSION;BOT;EMERALDS;XIRECS;10000.0;8
630000;BOT;SUBMISSION;EMERALDS;XIRECS;10000.0;7
630300;SUBMISSION;BOT;TOMATOES;XIRECS;4978.0;5
630900;BOT;SUBMISSION;EMERALDS;XIRECS;10000.0;7
631200;BOT_TAKER;SUBMISSION;EMERALDS;XIRECS;10007.0;6
633600;BOT_TAKER;SUBMISSION;EMERALDS;XIRECS;10007.0;4
634200;SUBMISSION;BOT;EMERALDS;XIRECS;10000.0;7
636600;BOT;SUBMISSION;EMERALDS;XIRECS;10000.0;9
637100;BOT;SUBMISSION;EMERALDS;XIRECS;10000.0;7
639000;SUBMISSION;BOT_TAKER;TOMATOES;XIRECS;4974.0;2
639100;SUBMISSION;BOT;EMERALDS;XIRECS;10000.0;7
640100;BOT;SUBMISSION;EMERALDS;XIRECS;10000.0;7
640800;SUBMISSION;BOT;EMERALDS;XIRECS;10000.0;8
641200;SUBMISSION;BOT;EMERALDS;XIRECS;10000.0;10
642000;SUBMISSION;BOT_TAKER;EMERALDS;XIRECS;9993.0;4
642000;BOT_TAKER;SUBMISSION;TOMATOES;XIRECS;4987.0;4
648000;BOT;SUBMISSION;EMERALDS;XIRECS;10000.0;7
649800;SUBMISSION;BOT;TOMATOES;XIRECS;4979.0;2
650900;SUBMISSION;BOT;EMERALDS;XIRECS;10000.0;9
651000;SUBMISSION;BOT_TAKER;TOMATOES;XIRECS;4972.0;5
653100;BOT_TAKER;SUBMISSION;TOMATOES;XIRECS;4986.0;2
653200;BOT_TAKER;SUBMISSION;TOMATOES;XIRECS;4986.0;4
653400;SUBMISSION;BOT;EMERALDS;XIRECS;10000.0;10
654000;BOT;SUBMISSION;EMERALDS;XIRECS;10000.0;8
656200;BOT_TAKER;SUBMISSION;TOMATOES;XIRECS;4991.0;5
658000;BOT;SUBMISSION;EMERALDS;XIRECS;10000.0;9
659600;BOT_TAKER;BOT_MAKER;TOMATOES;XIRECS;4991.0;3
660600;BOT_TAKER;SUBMISSION;TOMATOES;XIRECS;4992.0;5
661100;SUBMISSION;BOT;TOMATOES;XIRECS;4983.0;7
661100;SUBMISSION;BOT_TAKER;TOMATOES;XIRECS;4980.0;2
661500;SUBMISSION;BOT_TAKER;TOMATOES;XIRECS;4979.0;5
663000;SUBMISSION;BOT_TAKER;EMERALDS;XIRECS;9993.0;7
663500;SUBMISSION;BOT_TAKER;TOMATOES;XIRECS;4973.0;2
663600;BOT_TAKER;SUBMISSION;TOMATOES;XIRECS;4984.0;5
664500;SUBMISSION;BOT_TAKER;TOMATOES;XIRECS;4973.0;2
664900;BOT_TAKER;SUBMISSION;TOMATOES;XIRECS;4984.0;2
665500;SUBMISSION;BOT;EMERALDS;XIRECS;10000.0;5
667000;BOT_TAKER;SUBMISSION;TOMATOES;XIRECS;4984.0;4
667500;BOT_TAKER;SUBMISSION;TOMATOES;XIRECS;4985.0;3
668200;BOT_TAKER;SUBMISSION;EMERALDS;XIRECS;10007.0;5
668500;SUBMISSION;BOT_TAKER;EMERALDS;XIRECS;9993.0;6
668900;SUBMISSION;BOT;TOMATOES;XIRECS;4980.0;9
669500;SUBMISSION;BOT;EMERALDS;XIRECS;10000.0;10
670900;SUBMISSION;BOT_TAKER;EMERALDS;XIRECS;9993.0;4
671300;BOT_TAKER;SUBMISSION;TOMATOES;XIRECS;4990.0;4
672400;SUBMISSION;BOT;EMERALDS;XIRECS;10000.0;5
673300;BOT_TAKER;SUBMISSION;TOMATOES;XIRECS;4989.0;5
674700;SUBMISSION;BOT;TOMATOES;XIRECS;4983.0;2
674800;BOT_TAKER;BOT_MAKER;TOMATOES;XIRECS;4988.0;2
677200;BOT_TAKER;BOT_MAKER;TOMATOES;XIRECS;4987.0;4
679500;BOT_TAKER;SUBMISSION;TOMATOES;XIRECS;4987.0;5
679800;SUBMISSION;BOT_TAKER;TOMATOES;XIRECS;4975.0;5
681100;BOT_TAKER;BOT_MAKER;TOMATOES;XIRECS;4986.0;3
681600;SUBMISSION;BOT;TOMATOES;XIRECS;4979.0;5
685200;BOT_TAKER;BOT_MAKER;TOMATOES;XIRECS;4980.0;5
687400;BOT_MAKER;BOT_TAKER;EMERALDS;XIRECS;9992.0;6
688600;SUBMISSION;BOT_TAKER;TOMATOES;XIRECS;4976.0;5
690700;BOT_MAKER;BOT_TAKER;TOMATOES;XIRECS;4976.0;2
692500;SUBMISSION;BOT_TAKER;TOMATOES;XIRECS;4970.0;4
693100;BOT_MAKER;BOT_TAKER;EMERALDS;XIRECS;9992.0;5
694700;BOT_MAKER;BOT_TAKER;TOMATOES;XIRECS;4969.0;4
695100;BOT;SUBMISSION;EMERALDS;XIRECS;10000.0;9
695600;BOT;SUBMISSION;EMERALDS;XIRECS;10000.0;5
696600;BOT_MAKER;BOT_TAKER;TOMATOES;XIRECS;4969.0;5
697100;SUBMISSION;BOT_TAKER;EMERALDS;XIRECS;9993.0;5
698100;SUBMISSION;BOT_TAKER;EMERALDS;XIRECS;9993.0;7
702100;SUBMISSION;BOT_TAKER;EMERALDS;XIRECS;9993.0;2
702100;BOT_MAKER;BOT_TAKER;EMERALDS;XIRECS;9992.0;1
704400;BOT_TAKER;SUBMISSION;TOMATOES;XIRECS;4974.0;4
705300;BOT;SUBMISSION;EMERALDS;XIRECS;10000.0;9
706500;BOT;SUBMISSION;TOMATOES;XIRECS;4971.0;6
706800;SUBMISSION;BOT;EMERALDS;XIRECS;10000.0;9
708900;SUBMISSION;BOT_TAKER;TOMATOES;XIRECS;4967.0;5
709600;BOT;SUBMISSION;EMERALDS;XIRECS;10000.0;10
712300;SUBMISSION;BOT_TAKER;TOMATOES;XIRECS;4967.0;5
712400;SUBMISSION;BOT_TAKER;EMERALDS;XIRECS;9993.0;5
712900;SUBMISSION;BOT_TAKER;EMERALDS;XIRECS;9993.0;5
713600;BOT_MAKER;BOT_TAKER;TOMATOES;XIRECS;4968.0;4
714800;BOT;SUBMISSION;TOMATOES;XIRECS;4976.0;3
715100;BOT_TAKER;SUBMISSION;TOMATOES;XIRECS;4984.0;4
715200;SUBMISSION;BOT_TAKER;TOMATOES;XIRECS;4972.0;3
716300;BOT_TAKER;SUBMISSION;EMERALDS;XIRECS;10000.0;5
717400;BOT_TAKER;SUBMISSION;TOMATOES;XIRECS;4983.0;3
717600;SUBMISSION;BOT_TAKER;TOMATOES;XIRECS;4972.0;4
719100;BOT;SUBMISSION;EMERALDS;XIRECS;10000.0;5
719800;SUBMISSION;BOT;EMERALDS;XIRECS;10000.0;10
720200;BOT;SUBMISSION;EMERALDS;XIRECS;10000.0;8
720300;SUBMISSION;BOT_TAKER;EMERALDS;XIRECS;9993.0;3
720800;SUBMISSION;BOT;EMERALDS;XIRECS;10000.0;5
722100;BOT;SUBMISSION;TOMATOES;XIRECS;4975.0;11
722200;SUBMISSION;BOT;TOMATOES;XIRECS;4974.0;4
723200;SUBMISSION;BOT_TAKER;TOMATOES;XIRECS;4969.0;3
723700;BOT_TAKER;SUBMISSION;TOMATOES;XIRECS;4979.0;3
724800;BOT;SUBMISSION;EMERALDS;XIRECS;10000.0;5
725200;SUBMISSION;BOT_TAKER;EMERALDS;XIRECS;9993.0;5
726900;SUBMISSION;BOT;TOMATOES;XIRECS;4968.0;12
728200;BOT;SUBMISSION;EMERALDS;XIRECS;10000.0;5
728200;BOT_TAKER;SUBMISSION;EMERALDS;XIRECS;10000.0;3
728400;BOT;SUBMISSION;TOMATOES;XIRECS;4966.0;2
728500;BOT;SUBMISSION;TOMATOES;XIRECS;4967.0;6
729400;BOT;SUBMISSION;EMERALDS;XIRECS;10000.0;9
729400;BOT_TAKER;SUBMISSION;TOMATOES;XIRECS;4973.0;3
730400;BOT;SUBMISSION;EMERALDS;XIRECS;10000.0;10
730700;SUBMISSION;BOT_TAKER;TOMATOES;XIRECS;4959.0;4
733000;SUBMISSION;BOT;EMERALDS;XIRECS;10000.0;6
734500;BOT_TAKER;SUBMISSION;TOMATOES;XIRECS;4974.0;4
735400;BOT_TAKER;SUBMISSION;TOMATOES;XIRECS;4974.0;5
735700;BOT_TAKER;SUBMISSION;EMERALDS;XIRECS;10007.0;6
735800;SUBMISSION;BOT_TAKER;TOMATOES;XIRECS;4963.0;2
736900;SUBMISSION;BOT_TAKER;TOMATOES;XIRECS;4963.0;2
738100;BOT_TAKER;SUBMISSION;TOMATOES;XIRECS;4974.0;2
741600;BOT_TAKER;BOT_MAKER;TOMATOES;XIRECS;4965.0;5
741700;SUBMISSION;BOT;TOMATOES;XIRECS;4965.0;5
745200;BOT_TAKER;SUBMISSION;EMERALDS;XIRECS;10007.0;4
745600;SUBMISSION;BOT;EMERALDS;XIRECS;10000.0;9
746600;SUBMISSION;BOT_TAKER;EMERALDS;XIRECS;9993.0;6
748300;BOT_TAKER;SUBMISSION;TOMATOES;XIRECS;4970.0;3
748800;SUBMISSION;BOT_TAKER;TOMATOES;XIRECS;4957.0;5
749400;BOT_TAKER;SUBMISSION;TOMATOES;XIRECS;4969.0;2
749800;BOT;SUBMISSION;EMERALDS;XIRECS;10000.0;7
754500;BOT;SUBMISSION;EMERALDS;XIRECS;10000.0;6
756600;BOT_MAKER;BOT_TAKER;TOMATOES;XIRECS;4959.0;4
756900;SUBMISSION;BOT_TAKER;TOMATOES;XIRECS;4959.0;4
757500;SUBMISSION;BOT_TAKER;EMERALDS;XIRECS;9993.0;8
757900;BOT;SUBMISSION;TOMATOES;XIRECS;4963.0;2
760400;BOT_TAKER;SUBMISSION;EMERALDS;XIRECS;10007.0;8
762300;BOT;SUBMISSION;TOMATOES;XIRECS;4968.0;6
763000;SUBMISSION;BOT_TAKER;TOMATOES;XIRECS;4962.0;2
763200;SUBMISSION;BOT;EMERALDS;XIRECS;10000.0;5
765400;SUBMISSION;BOT_TAKER;EMERALDS;XIRECS;9993.0;4
766200;SUBMISSION;BOT;EMERALDS;XIRECS;10000.0;10
766500;SUBMISSION;BOT;EMERALDS;XIRECS;10000.0;10
766700;BOT_MAKER;BOT_TAKER;TOMATOES;XIRECS;4965.0;2
767400;SUBMISSION;BOT;TOMATOES;XIRECS;4964.0;8
769000;BOT_TAKER;SUBMISSION;TOMATOES;XIRECS;4971.0;2
769200;BOT_MAKER;BOT_TAKER;EMERALDS;XIRECS;9992.0;4
769300;BOT;SUBMISSION;TOMATOES;XIRECS;4966.0;6
769800;BOT;SUBMISSION;EMERALDS;XIRECS;10000.0;10
770600;SUBMISSION;BOT_TAKER;TOMATOES;XIRECS;4958.0;2
771400;SUBMISSION;BOT;EMERALDS;XIRECS;10000.0;7
771600;BOT_TAKER;SUBMISSION;TOMATOES;XIRECS;4972.0;5
772000;SUBMISSION;BOT_TAKER;TOMATOES;XIRECS;4962.0;2
777600;SUBMISSION;BOT_TAKER;TOMATOES;XIRECS;4962.0;2
778400;SUBMISSION;BOT_TAKER;TOMATOES;XIRECS;4961.0;5
779000;BOT;SUBMISSION;EMERALDS;XIRECS;10000.0;8
779600;BOT;SUBMISSION;EMERALDS;XIRECS;10000.0;7
780200;BOT;SUBMISSION;TOMATOES;XIRECS;4969.0;5
780300;BOT_TAKER;SUBMISSION;TOMATOES;XIRECS;4974.0;2
781000;SUBMISSION;BOT;EMERALDS;XIRECS;10000.0;5
781700;BOT;SUBMISSION;EMERALDS;XIRECS;10000.0;9
781800;SUBMISSION;BOT;EMERALDS;XIRECS;10000.0;9
781900;SUBMISSION;BOT;EMERALDS;XIRECS;10000.0;10
782600;SUBMISSION;BOT_TAKER;TOMATOES;XIRECS;4962.0;2
783800;SUBMISSION;BOT_TAKER;TOMATOES;XIRECS;4963.0;5
785100;BOT_MAKER;BOT_TAKER;TOMATOES;XIRECS;4962.0;2
785600;BOT;SUBMISSION;EMERALDS;XIRECS;10000.0;8
786600;SUBMISSION;BOT_TAKER;EMERALDS;XIRECS;9993.0;3
786900;BOT_TAKER;SUBMISSION;EMERALDS;XIRECS;10000.0;8
787600;BOT_MAKER;BOT_TAKER;TOMATOES;XIRECS;4959.0;4
788100;BOT_TAKER;SUBMISSION;EMERALDS;XIRECS;10007.0;7
788500;SUBMISSION;BOT_TAKER;TOMATOES;XIRECS;4959.0;3
789100;BOT_TAKER;SUBMISSION;EMERALDS;XIRECS;10007.0;5
789500;BOT;SUBMISSION;TOMATOES;XIRECS;4965.0;7
790300;BOT;SUBMISSION;EMERALDS;XIRECS;10000.0;8
792800;SUBMISSION;BOT_TAKER;EMERALDS;XIRECS;9993.0;6
793600;SUBMISSION;BOT_TAKER;EMERALDS;XIRECS;9993.0;8
795500;BOT_MAKER;BOT_TAKER;TOMATOES;XIRECS;4963.0;3
797400;BOT;SUBMISSION;EMERALDS;XIRECS;10000.0;5
799900;SUBMISSION;BOT_TAKER;EMERALDS;XIRECS;9993.0;4
801700;BOT;SUBMISSION;EMERALDS;XIRECS;10000.0;9
801700;BOT_TAKER;SUBMISSION;TOMATOES;XIRECS;4970.0;3
801900;BOT;SUBMISSION;EMERALDS;XIRECS;10000.0;9
802800;BOT_TAKER;SUBMISSION;EMERALDS;XIRECS;10007.0;5
804100;BOT;SUBMISSION;EMERALDS;XIRECS;10000.0;8
804300;SUBMISSION;BOT_TAKER;TOMATOES;XIRECS;4964.0;3
810000;BOT_TAKER;SUBMISSION;TOMATOES;XIRECS;4971.0;3
810200;SUBMISSION;BOT;TOMATOES;XIRECS;4963.0;10
810900;BOT_MAKER;BOT_TAKER;TOMATOES;XIRECS;4960.0;3
811500;BOT_MAKER;BOT_TAKER;TOMATOES;XIRECS;4960.0;4
811900;BOT_TAKER;SUBMISSION;TOMATOES;XIRECS;4971.0;2
813400;BOT_MAKER;BOT_TAKER;TOMATOES;XIRECS;4956.0;3
814100;SUBMISSION;BOT;EMERALDS;XIRECS;10000.0;6
814500;BOT;SUBMISSION;TOMATOES;XIRECS;4962.0;6
815600;SUBMISSION;BOT_TAKER;EMERALDS;XIRECS;9993.0;5
818700;BOT;SUBMISSION;EMERALDS;XIRECS;10000.0;9
819600;SUBMISSION;BOT_TAKER;TOMATOES;XIRECS;4955.0;2
821300;SUBMISSION;BOT_TAKER;TOMATOES;XIRECS;4957.0;3
821600;BOT;SUBMISSION;EMERALDS;XIRECS;10000.0;10
823500;BOT;SUBMISSION;EMERALDS;XIRECS;10000.0;7
824100;BOT;SUBMISSION;TOMATOES;XIRECS;4964.0;8
825400;SUBMISSION;BOT_TAKER;EMERALDS;XIRECS;9993.0;7
826700;SUBMISSION;BOT_TAKER;TOMATOES;XIRECS;4959.0;3
829000;SUBMISSION;BOT_TAKER;EMERALDS;XIRECS;9993.0;5
829900;SUBMISSION;BOT_TAKER;TOMATOES;XIRECS;4959.0;2
831300;BOT;SUBMISSION;TOMATOES;XIRECS;4964.0;6
833000;BOT_TAKER;BOT_MAKER;TOMATOES;XIRECS;4969.0;5
833800;SUBMISSION;BOT;TOMATOES;XIRECS;4963.0;2
834000;BOT_TAKER;SUBMISSION;TOMATOES;XIRECS;4969.0;4
834400;BOT_TAKER;BOT_MAKER;TOMATOES;XIRECS;4970.0;3
836300;BOT_TAKER;BOT_MAKER;TOMATOES;XIRECS;4970.0;5
836400;SUBMISSION;BOT_TAKER;TOMATOES;XIRECS;4958.0;5
837200;SUBMISSION;BOT;EMERALDS;XIRECS;10000.0;10
838300;BOT_TAKER;SUBMISSION;EMERALDS;XIRECS;10007.0;4
841400;BOT_TAKER;SUBMISSION;TOMATOES;XIRECS;4966.0;3
841800;BOT;SUBMISSION;EMERALDS;XIRECS;10000.0;7
845000;BOT_TAKER;SUBMISSION;EMERALDS;XIRECS;10007.0;5
847700;SUBMISSION;BOT_TAKER;TOMATOES;XIRECS;4955.0;3
850600;BOT_TAKER;SUBMISSION;TOMATOES;XIRECS;4966.0;3
851600;BOT_TAKER;SUBMISSION;EMERALDS;XIRECS;10007.0;4
851700;BOT_TAKER;SUBMISSION;TOMATOES;XIRECS;4967.0;5
852400;SUBMISSION;BOT;TOMATOES;XIRECS;4960.0;5
852600;SUBMISSION;BOT_TAKER;TOMATOES;XIRECS;4955.0;2
853200;BOT_TAKER;SUBMISSION;TOMATOES;XIRECS;4967.0;2
853600;BOT_TAKER;SUBMISSION;TOMATOES;XIRECS;4967.0;2
854500;BOT_TAKER;BOT_MAKER;TOMATOES;XIRECS;4969.0;2
855900;SUBMISSION;BOT;TOMATOES;XIRECS;4960.0;11
856600;BOT_TAKER;SUBMISSION;EMERALDS;XIRECS;10007.0;7
857900;SUBMISSION;BOT;EMERALDS;XIRECS;10000.0;7
857900;BOT_MAKER;BOT_TAKER;TOMATOES;XIRECS;4957.0;3
858300;BOT;SUBMISSION;TOMATOES;XIRECS;4964.0;2
858900;SUBMISSION;BOT_TAKER;EMERALDS;XIRECS;9993.0;4
859300;SUBMISSION;BOT_TAKER;EMERALDS;XIRECS;9993.0;7
860900;SUBMISSION;BOT;EMERALDS;XIRECS;10000.0;5
861000;BOT_TAKER;SUBMISSION;EMERALDS;XIRECS;10007.0;4
861100;SUBMISSION;BOT_TAKER;TOMATOES;XIRECS;4955.0;4
861200;BOT;SUBMISSION;TOMATOES;XIRECS;4960.0;5
861800;SUBMISSION;BOT;EMERALDS;XIRECS;10000.0;10
862300;BOT;SUBMISSION;EMERALDS;XIRECS;10000.0;8
862700;BOT;SUBMISSION;EMERALDS;XIRECS;10000.0;7
865700;BOT_TAKER;SUBMISSION;EMERALDS;XIRECS;10007.0;4
866300;SUBMISSION;BOT_TAKER;TOMATOES;XIRECS;4957.0;2
866500;SUBMISSION;BOT;EMERALDS;XIRECS;10000.0;8
866900;BOT_TAKER;SUBMISSION;EMERALDS;XIRECS;10007.0;5
867000;SUBMISSION;BOT;EMERALDS;XIRECS;10000.0;8
867300;BOT_TAKER;SUBMISSION;TOMATOES;XIRECS;4966.0;5
868300;SUBMISSION;BOT;EMERALDS;XIRECS;10000.0;9
869600;SUBMISSION;BOT_TAKER;TOMATOES;XIRECS;4951.0;2
870700;BOT;SUBMISSION;TOMATOES;XIRECS;4959.0;2
872400;SUBMISSION;BOT;EMERALDS;XIRECS;10000.0;6
877300;SUBMISSION;BOT_TAKER;TOMATOES;XIRECS;4950.0;3
877600;SUBMISSION;BOT_TAKER;TOMATOES;XIRECS;4951.0;5
878700;BOT_TAKER;SUBMISSION;EMERALDS;XIRECS;10007.0;3
879500;SUBMISSION;BOT;EMERALDS;XIRECS;10000.0;10
882700;BOT_TAKER;SUBMISSION;TOMATOES;XIRECS;4970.0;4
884100;SUBMISSION;BOT;EMERALDS;XIRECS;10000.0;8
886100;BOT;SUBMISSION;EMERALDS;XIRECS;10000.0;8
886100;BOT_TAKER;SUBMISSION;EMERALDS;XIRECS;10007.0;6
886200;SUBMISSION;BOT;EMERALDS;XIRECS;10000.0;5
887100;BOT_TAKER;SUBMISSION;EMERALDS;XIRECS;10007.0;7
887800;BOT_TAKER;SUBMISSION;TOMATOES;XIRECS;4964.0;4
888300;SUBMISSION;BOT_TAKER;TOMATOES;XIRECS;4953.0;4
891700;BOT;SUBMISSION;TOMATOES;XIRECS;4960.0;3
892400;SUBMISSION;BOT_TAKER;EMERALDS;XIRECS;9993.0;6
892800;BOT;SUBMISSION;EMERALDS;XIRECS;10000.0;6
893500;SUBMISSION;BOT_TAKER;TOMATOES;XIRECS;4959.0;5
893900;BOT;SUBMISSION;TOMATOES;XIRECS;4963.0;3
894000;SUBMISSION;BOT_TAKER;TOMATOES;XIRECS;4959.0;4
895700;BOT;SUBMISSION;TOMATOES;XIRECS;4964.0;4
895800;SUBMISSION;BOT_TAKER;TOMATOES;XIRECS;4959.0;5
896500;BOT_MAKER;BOT_TAKER;TOMATOES;XIRECS;4958.0;4
896700;SUBMISSION;BOT;EMERALDS;XIRECS;10000.0;8
898800;BOT_MAKER;BOT_TAKER;TOMATOES;XIRECS;4956.0;5
899800;BOT;SUBMISSION;EMERALDS;XIRECS;10000.0;9
899800;BOT_TAKER;SUBMISSION;EMERALDS;XIRECS;10007.0;5
901000;BOT_MAKER;BOT_TAKER;TOMATOES;XIRECS;4956.0;4
901400;SUBMISSION;BOT;EMERALDS;XIRECS;10000.0;9
901500;BOT;SUBMISSION;TOMATOES;XIRECS;4961.0;5
903200;SUBMISSION;BOT;EMERALDS;XIRECS;10000.0;5
903400;BOT;SUBMISSION;EMERALDS;XIRECS;10000.0;7
903600;SUBMISSION;BOT_TAKER;TOMATOES;XIRECS;4959.0;5
904400;SUBMISSION;BOT;EMERALDS;XIRECS;10000.0;6
905000;BOT_MAKER;BOT_TAKER;TOMATOES;XIRECS;4958.0;5
906500;BOT_MAKER;BOT_TAKER;TOMATOES;XIRECS;4958.0;5
907200;SUBMISSION;BOT;EMERALDS;XIRECS;10000.0;10
907800;SUBMISSION;BOT;EMERALDS;XIRECS;10000.0;9
908400;SUBMISSION;BOT;EMERALDS;XIRECS;10000.0;10
910000;BOT;SUBMISSION;TOMATOES;XIRECS;4970.0;8
911500;BOT_TAKER;SUBMISSION;EMERALDS;XIRECS;10000.0;7
911600;SUBMISSION;BOT_TAKER;TOMATOES;XIRECS;4965.0;3
912200;BOT_TAKER;SUBMISSION;TOMATOES;XIRECS;4977.0;4
913700;BOT_TAKER;SUBMISSION;TOMATOES;XIRECS;4975.0;5
913800;SUBMISSION;BOT;EMERALDS;XIRECS;10000.0;7
914400;BOT_TAKER;BOT_MAKER;TOMATOES;XIRECS;4975.0;4
915100;BOT;SUBMISSION;EMERALDS;XIRECS;10000.0;6
915100;SUBMISSION;BOT_TAKER;TOMATOES;XIRECS;4962.0;3
916100;SUBMISSION;BOT_TAKER;TOMATOES;XIRECS;4961.0;3
917000;SUBMISSION;BOT_TAKER;TOMATOES;XIRECS;4963.0;5
917900;BOT_TAKER;SUBMISSION;TOMATOES;XIRECS;4973.0;2
920300;SUBMISSION;BOT;EMERALDS;XIRECS;10000.0;8
920600;SUBMISSION;BOT_TAKER;TOMATOES;XIRECS;4961.0;3
921700;BOT_TAKER;SUBMISSION;TOMATOES;XIRECS;4974.0;2
923000;BOT;SUBMISSION;EMERALDS;XIRECS;10000.0;10
924500;BOT;SUBMISSION;EMERALDS;XIRECS;10000.0;10
924900;BOT_TAKER;SUBMISSION;EMERALDS;XIRECS;10007.0;6
925400;BOT;SUBMISSION;EMERALDS;XIRECS;10000.0;10
926000;BOT_MAKER;BOT_TAKER;TOMATOES;XIRECS;4963.0;2
927100;SUBMISSION;BOT_TAKER;EMERALDS;XIRECS;9993.0;4
927700;BOT_TAKER;SUBMISSION;EMERALDS;XIRECS;10007.0;8
928000;SUBMISSION;BOT_TAKER;TOMATOES;XIRECS;4962.0;5
929200;BOT_TAKER;SUBMISSION;TOMATOES;XIRECS;4974.0;4
930700;SUBMISSION;BOT;EMERALDS;XIRECS;10000.0;7
930900;BOT_TAKER;SUBMISSION;TOMATOES;XIRECS;4973.0;5
934500;SUBMISSION;BOT_TAKER;EMERALDS;XIRECS;9993.0;4
935400;SUBMISSION;BOT;EMERALDS;XIRECS;10000.0;5
935600;BOT;SUBMISSION;EMERALDS;XIRECS;10000.0;9
935600;BOT_TAKER;SUBMISSION;TOMATOES;XIRECS;4973.0;3
935800;SUBMISSION;BOT;EMERALDS;XIRECS;10000.0;6
937600;SUBMISSION;BOT_TAKER;TOMATOES;XIRECS;4963.0;5
939800;BOT;SUBMISSION;EMERALDS;XIRECS;10000.0;5
940900;BOT_TAKER;SUBMISSION;TOMATOES;XIRECS;4974.0;2
942700;BOT_TAKER;SUBMISSION;EMERALDS;XIRECS;10007.0;8
943000;SUBMISSION;BOT_TAKER;EMERALDS;XIRECS;9993.0;5
943800;SUBMISSION;BOT_TAKER;TOMATOES;XIRECS;4962.0;4
943900;BOT;SUBMISSION;EMERALDS;XIRECS;10000.0;8
944200;BOT;SUBMISSION;TOMATOES;XIRECS;4967.0;2
947700;SUBMISSION;BOT_TAKER;EMERALDS;XIRECS;9993.0;5
947900;BOT_TAKER;SUBMISSION;TOMATOES;XIRECS;4975.0;6
951100;SUBMISSION;BOT;TOMATOES;XIRECS;4969.0;12
955400;BOT;SUBMISSION;TOMATOES;XIRECS;4963.0;2
955800;SUBMISSION;BOT_TAKER;EMERALDS;XIRECS;9993.0;5
957100;BOT;SUBMISSION;TOMATOES;XIRECS;4967.0;9
957700;SUBMISSION;BOT_TAKER;TOMATOES;XIRECS;4961.0;5
960600;BOT_TAKER;SUBMISSION;TOMATOES;XIRECS;4972.0;3
962100;BOT_TAKER;SUBMISSION;EMERALDS;XIRECS;10007.0;8
965600;BOT_TAKER;SUBMISSION;EMERALDS;XIRECS;10007.0;4
966100;BOT;SUBMISSION;EMERALDS;XIRECS;10000.0;5
969400;BOT;SUBMISSION;EMERALDS;XIRECS;10000.0;6
969500;SUBMISSION;BOT_TAKER;EMERALDS;XIRECS;9993.0;8
974100;SUBMISSION;BOT_TAKER;TOMATOES;XIRECS;4958.0;3
974600;SUBMISSION;BOT_TAKER;EMERALDS;XIRECS;9993.0;6
974700;SUBMISSION;BOT_TAKER;TOMATOES;XIRECS;4960.0;3
974800;BOT_TAKER;SUBMISSION;TOMATOES;XIRECS;4972.0;4
975000;BOT;SUBMISSION;EMERALDS;XIRECS;10000.0;5
975600;BOT;SUBMISSION;EMERALDS;XIRECS;10000.0;10
975600;BOT_TAKER;SUBMISSION;TOMATOES;XIRECS;4971.0;5
975700;SUBMISSION;BOT;EMERALDS;XIRECS;10000.0;8
975800;SUBMISSION;BOT_TAKER;EMERALDS;XIRECS;9993.0;6
976000;SUBMISSION;BOT_TAKER;EMERALDS;XIRECS;9993.0;3
977900;BOT_TAKER;SUBMISSION;EMERALDS;XIRECS;10007.0;7
978100;SUBMISSION;BOT;TOMATOES;XIRECS;4964.0;2
978600;SUBMISSION;BOT;EMERALDS;XIRECS;10000.0;9
979000;SUBMISSION;BOT_TAKER;TOMATOES;XIRECS;4959.0;4
979100;SUBMISSION;BOT_TAKER;TOMATOES;XIRECS;4959.0;4
979200;BOT;SUBMISSION;TOMATOES;XIRECS;4964.0;4
979400;SUBMISSION;BOT_TAKER;TOMATOES;XIRECS;4959.0;2
981300;SUBMISSION;BOT_TAKER;EMERALDS;XIRECS;9993.0;6
981400;SUBMISSION;BOT;EMERALDS;XIRECS;10000.0;10
982000;BOT_TAKER;SUBMISSION;EMERALDS;XIRECS;10007.0;7
984200;BOT;SUBMISSION;EMERALDS;XIRECS;10000.0;6
986600;SUBMISSION;BOT;EMERALDS;XIRECS;10000.0;8
987400;BOT_TAKER;SUBMISSION;EMERALDS;XIRECS;10007.0;8
988000;BOT;SUBMISSION;EMERALDS;XIRECS;10000.0;8
988600;BOT_TAKER;SUBMISSION;EMERALDS;XIRECS;10007.0;6
989000;BOT_TAKER;SUBMISSION;TOMATOES;XIRECS;4978.0;5
989100;SUBMISSION;BOT_TAKER;EMERALDS;XIRECS;9993.0;8
989900;BOT_TAKER;SUBMISSION;TOMATOES;XIRECS;4978.0;3
990500;BOT;SUBMISSION;EMERALDS;XIRECS;10000.0;5
992900;SUBMISSION;BOT;TOMATOES;XIRECS;4968.0;6
995900;BOT;SUBMISSION;EMERALDS;XIRECS;10000.0;5
996600;SUBMISSION;BOT_TAKER;TOMATOES;XIRECS;4961.0;4
997200;BOT;SUBMISSION;EMERALDS;XIRECS;10000.0;5
997600;SUBMISSION;BOT;EMERALDS;XIRECS;10000.0;7
998300;SUBMISSION;BOT;EMERALDS;XIRECS;10000.0;5
