timestamp;buyer;seller;symbol;currency;price;quantity
1800;SUBMISSION;BOT_TAKER;TOMATOES;XIRECS;4995.0;2
1900;SUBMISSION;BOT_TAKER;TOMATOES;XIRECS;4995.0;3
2000;BOT_TAKER;SUBMISSION;EMERALDS;XIRECS;10007.0;6
2500;BOT_TAKER;SUBMISSION;TOMATOES;XIRECS;5007.0;3
3600;BOT;SUBMISSION;EMERALDS;XIRECS;10000.0;5
3700;BOT_TAKER;SUBMISSION;TOMATOES;XIRECS;5008.0;2
5100;SUBMISSION;BOT_TAKER;EMERALDS;XIRECS;9993.0;4
5400;BOT_TAKER;SUBMISSION;TOMATOES;XIRECS;5006.0;2
5900;BOT;SUBMISSION;EMERALDS;XIRECS;10000.0;10
7000;BOT_TAKER;SUBMISSION;EMERALDS;XIRECS;10007.0;3
8800;SUBMISSION;BOT_TAKER;EMERALDS;XIRECS;9993.0;7
9700;BOT_TAKER;SUBMISSION;EMERALDS;XIRECS;10007.0;7
11300;BOT_TAKER;SUBMISSION;TOMATOES;XIRECS;4999.0;2
12300;SUBMISSION;BOT_TAKER;TOMATOES;XIRECS;4985.0;3
14200;SUBMISSION;BOT;EMERALDS;XIRECS;10000.0;6
15300;SUBMISSION;BOT;EMERALDS;XIRECS;10000.0;10
15800;SUBMISSION;BOT;EMERALDS;XIRECS;10000.0;7
16500;BOT_TAKER;SUBMISSION;EMERALDS;XIRECS;10007.0;5
16700;BOT;SUBMISSION;EMERALDS;XIRECS;10000.0;7
17000;SUBMISSION;BOT_TAKER;TOMATOES;XIRECS;4989.0;5
17500;BOT_MAKER;BOT_TAKER;TOMATOES;XIRECS;4989.0;4
17600;SUBMISSION;BOT;EMERALDS;XIRECS;10000.0;5
18600;BOT;SUBMISSION;EMERALDS;XIRECS;10000.0;8
18800;BOT_MAKER;BOT_TAKER;TOMATOES;XIRECS;4992.0;5
20400;BOT;SUBMISSION;EMERALDS;XIRECS;10000.0;9
20400;BOT_TAKER;SUBMISSION;TOMATOES;XIRECS;5005.0;4
21800;SUBMISSION;BOT_TAKER;TOMATOES;XIRECS;4992.0;3
22000;SUBMISSION;BOT;EMERALDS;XIRECS;10000.0;10
22000;SUBMISSION;BOT_TAKER;EMERALDS;XIRECS;9993.0;8
23600;SUBMISSION;BOT;EMERALDS;XIRECS;10000.0;8
24300;BOT;SUBMISSION;EMERALDS;XIRECS;10000.0;5
24300;BOT_TAKER;SUBMISSION;EMERALDS;XIRECS;10007.0;8
24700;BOT_TAKER;SUBMISSION;TOMATOES;XIRECS;5009.0;4
24800;BOT;SUBMISSION;EMERALDS;XIRECS;10000.0;5
25900;BOT_TAKER;SUBMISSION;TOMATOES;XIRECS;5005.0;2
28700;SUBMISSION;BOT;EMERALDS;XIRECS;10000.0;6
29300;BOT_TAKER;SUBMISSION;TOMATOES;XIRECS;5003.0;2
29400;SUBMISSION;BOT_TAKER;TOMATOES;XIRECS;4991.0;5
29600;SUBMISSION;BOT_TAKER;TOMATOES;XIRECS;4992.0;5
29900;SUBMISSION;BOT;EMERALDS;XIRECS;10000.0;8
30800;BOT_MAKER;BOT_TAKER;TOMATOES;XIRECS;4994.0;2
31400;SUBMISSION;BOT;EMERALDS;XIRECS;10000.0;10
31500;BOT_TAKER;SUBMISSION;EMERALDS;XIRECS;10007.0;6
31500;BOT_MAKER;BOT_TAKER;TOMATOES;XIRECS;4996.0;4
31700;BOT;SUBMISSION;TOMATOES;XIRECS;5002.0;3
31900;SUBMISSION;BOT_TAKER;EMERALDS;XIRECS;9993.0;5
33400;BOT_TAKER;SUBMISSION;EMERALDS;XIRECS;10007.0;3
33600;SUBMISSION;BOT_TAKER;TOMATOES;XIRECS;4998.0;3
34000;BOT_TAKER;SUBMISSION;TOMATOES;XIRECS;5009.0;3
34900;SUBMISSION;BOT_TAKER;EMERALDS;XIRECS;9993.0;6
35100;BOT_TAKER;SUBMISSION;TOMATOES;XIRECS;5008.0;2
35500;BOT;SUBMISSION;EMERALDS;XIRECS;10000.0;7
36300;SUBMISSION;BOT_TAKER;TOMATOES;XIRECS;4999.0;5
37200;SUBMISSION;BOT_TAKER;EMERALDS;XIRECS;9993.0;5
39500;SUBMISSION;BOT_TAKER;EMERALDS;XIRECS;9993.0;5
40800;BOT;SUBMISSION;TOMATOES;XIRECS;5002.0;5
41600;SUBMISSION;BOT;EMERALDS;XIRECS;10000.0;8
42400;SUBMISSION;BOT_TAKER;EMERALDS;XIRECS;9993.0;8
43200;BOT;SUBMISSION;EMERALDS;XIRECS;10000.0;10
44200;BOT_TAKER;SUBMISSION;TOMATOES;XIRECS;5009.0;5
44800;SUBMISSION;BOT;TOMATOES;XIRECS;5002.0;12
45600;SUBMISSION;BOT;EMERALDS;XIRECS;10000.0;7
45800;SUBMISSION;BOT;EMERALDS;XIRECS;10000.0;10
46400;BOT_MAKER;BOT_TAKER;TOMATOES;XIRECS;5000.0;2
47700;BOT;SUBMISSION;TOMATOES;XIRECS;5007.0;3
48200;SUBMISSION;BOT_TAKER;TOMATOES;XIRECS;5001.0;5
48500;BOT_TAKER;SUBMISSION;TOMATOES;XIRECS;5014.0;3
49000;BOT_MAKER;BOT_TAKER;TOMATOES;XIRECS;5002.0;5
50100;BOT;SUBMISSION;TOMATOES;XIRECS;5009.0;10
50400;BOT_TAKER;SUBMISSION;EMERALDS;XIRECS;10007.0;7
54200;SUBMISSION;BOT_TAKER;EMERALDS;XIRECS;9993.0;4
55800;BOT_TAKER;SUBMISSION;TOMATOES;XIRECS;5021.0;4
55900;BOT_TAKER;BOT_MAKER;TOMATOES;XIRECS;5021.0;4
56000;SUBMISSION;BOT;EMERALDS;XIRECS;10000.0;7
56200;SUBMISSION;BOT_TAKER;EMERALDS;XIRECS;9993.0;3
57100;SUBMISSION;BOT;TOMATOES;XIRECS;5017.0;10
57300;BOT_MAKER;BOT_TAKER;TOMATOES;XIRECS;5012.0;4
57500;SUBMISSION;BOT_TAKER;EMERALDS;XIRECS;9993.0;7
58200;BOT_TAKER;SUBMISSION;TOMATOES;XIRECS;5025.0;5
58400;BOT;SUBMISSION;EMERALDS;XIRECS;10000.0;7
58800;SUBMISSION;BOT_TAKER;TOMATOES;XIRECS;5014.0;5
59900;BOT_TAKER;SUBMISSION;EMERALDS;XIRECS;10007.0;6
60100;BOT;SUBMISSION;EMERALDS;XIRECS;10000.0;5
61900;BOT_TAKER;SUBMISSION;TOMATOES;XIRECS;5027.0;3
63700;SUBMISSION;BOT_TAKER;TOMATOES;XIRECS;5012.0;2
64500;SUBMISSION;BOT_TAKER;EMERALDS;XIRECS;9993.0;7
65000;SUBMISSION;BOT;EMERALDS;XIRECS;10000.0;10
65100;SUBMISSION;BOT;EMERALDS;XIRECS;10000.0;6
65300;SUBMISSION;BOT_TAKER;EMERALDS;XIRECS;9993.0;3
66400;SUBMISSION;BOT_TAKER;EMERALDS;XIRECS;9993.0;6
67200;SUBMISSION;BOT_TAKER;EMERALDS;XIRECS;9993.0;5
68000;BOT_TAKER;SUBMISSION;TOMATOES;XIRECS;5030.0;4
68200;SUBMISSION;BOT;EMERALDS;XIRECS;10000.0;6
69000;BOT_TAKER;SUBMISSION;EMERALDS;XIRECS;10000.0;4
74400;SUBMISSION;BOT_TAKER;TOMATOES;XIRECS;5022.0;5
77000;SUBMISSION;BOT_TAKER;TOMATOES;XIRECS;5022.0;3
78300;BOT;SUBMISSION;EMERALDS;XIRECS;10000.0;6
78500;SUBMISSION;BOT_TAKER;EMERALDS;XIRECS;9993.0;3
80600;SUBMISSION;BOT_TAKER;EMERALDS;XIRECS;9993.0;5
82300;SUBMISSION;BOT;EMERALDS;XIRECS;10000.0;4
82400;BOT;SUBMISSION;TOMATOES;XIRECS;5024.0;2
82800;BOT;SUBMISSION;EMERALDS;XIRECS;10000.0;5
82800;SUBMISSION;BOT_TAKER;TOMATOES;XIRECS;5017.0;5
82900;BOT;SUBMISSION;TOMATOES;XIRECS;5023.0;12
83000;BOT_TAKER;BOT_MAKER;TOMATOES;XIRECS;5029.0;4
83100;SUBMISSION;BOT;TOMATOES;XIRECS;5023.0;3
83200;SUBMISSION;BOT_TAKER;EMERALDS;XIRECS;9993.0;3
84200;BOT_TAKER;SUBMISSION;TOMATOES;XIRECS;5029.0;2
85000;SUBMISSION;BOT_TAKER;EMERALDS;XIRECS;9993.0;2
85000;BOT_MAKER;BOT_TAKER;EMERALDS;XIRECS;9992.0;4
85600;SUBMISSION;BOT;TOMATOES;XIRECS;5022.0;11
86100;BOT_MAKER;BOT_TAKER;TOMATOES;XIRECS;5017.0;5
86700;BOT;SUBMISSION;TOMATOES;XIRECS;5024.0;6
87900;BOT_MAKER;BOT_TAKER;TOMATOES;XIRECS;5018.0;3
88300;BOT_TAKER;SUBMISSION;TOMATOES;XIRECS;5031.0;5
88500;SUBMISSION;BOT_TAKER;TOMATOES;XIRECS;5020.0;4
88700;BOT_TAKER;SUBMISSION;EMERALDS;XIRECS;10000.0;5
88700;BOT_TAKER;SUBMISSION;TOMATOES;XIRECS;5031.0;5
90900;SUBMISSION;BOT;EMERALDS;XIRECS;10000.0;5
92200;SUBMISSION;BOT;TOMATOES;XIRECS;5025.0;11
92400;BOT;SUBMISSION;EMERALDS;XIRECS;10000.0;5
92600;BOT;SUBMISSION;TOMATOES;XIRECS;5026.0;5
93200;SUBMISSION;BOT_TAKER;TOMATOES;XIRECS;5019.0;2
95600;BOT;SUBMISSION;EMERALDS;XIRECS;10000.0;7
95800;BOT_TAKER;SUBMISSION;TOMATOES;XIRECS;5026.0;5
99700;SUBMISSION;BOT_TAKER;TOMATOES;XIRECS;5015.0;4
100900;BOT_TAKER;SUBMISSION;EMERALDS;XIRECS;10007.0;7
102000;SUBMISSION;BOT_TAKER;TOMATOES;XIRECS;5015.0;5
103700;SUBMISSION;BOT;EMERALDS;XIRECS;10000.0;6
104200;SUBMISSION;BOT;EMERALDS;XIRECS;10000.0;9
104400;SUBMISSION;BOT;EMERALDS;XIRECS;10000.0;4
107300;BOT;SUBMISSION;TOMATOES;XIRECS;5014.0;11
107600;BOT_TAKER;SUBMISSION;EMERALDS;XIRECS;10000.0;8
108700;SUBMISSION;BOT_TAKER;EMERALDS;XIRECS;9993.0;3
109000;SUBMISSION;BOT_TAKER;TOMATOES;XIRECS;5011.0;2
109100;BOT;SUBMISSION;EMERALDS;XIRECS;10000.0;7
111500;SUBMISSION;BOT;EMERALDS;XIRECS;10000.0;8
115200;SUBMISSION;BOT_TAKER;TOMATOES;XIRECS;5006.0;4
116400;BOT_TAKER;SUBMISSION;EMERALDS;XIRECS;10000.0;6
116800;SUBMISSION;BOT_TAKER;TOMATOES;XIRECS;5004.0;5
117400;BOT_TAKER;SUBMISSION;TOMATOES;XIRECS;5016.0;4
117700;SUBMISSION;BOT_TAKER;TOMATOES;XIRECS;5005.0;3
118000;SUBMISSION;BOT_TAKER;TOMATOES;XIRECS;5003.0;5
120100;BOT;SUBMISSION;TOMATOES;XIRECS;5008.0;6
120900;BOT_TAKER;SUBMISSION;TOMATOES;XIRECS;5015.0;5
122900;SUBMISSION;BOT;EMERALDS;XIRECS;10000.0;10
123300;BOT;SUBMISSION;EMERALDS;XIRECS;10000.0;6
127400;BOT_TAKER;SUBMISSION;TOMATOES;XIRECS;5018.0;3
127500;SUBMISSION;BOT_TAKER;TOMATOES;XIRECS;5006.0;2
130200;SUBMISSION;BOT_TAKER;TOMATOES;XIRECS;5005.0;4
130900;SUBMISSION;BOT;EMERALDS;XIRECS;10000.0;6
133200;BOT_TAKER;SUBMISSION;EMERALDS;XIRECS;10000.0;7
135900;BOT;SUBMISSION;TOMATOES;XIRECS;5012.0;3
136000;SUBMISSION;BOT;EMERALDS;XIRECS;10000.0;7
136400;BOT_TAKER;SUBMISSION;EMERALDS;XIRECS;10000.0;6
136900;SUBMISSION;BOT;TOMATOES;XIRECS;5009.0;8
140700;SUBMISSION;BOT_TAKER;EMERALDS;XIRECS;9993.0;3
141300;BOT_TAKER;SUBMISSION;EMERALDS;XIRECS;10000.0;7
143000;BOT;SUBMISSION;TOMATOES;XIRECS;5012.0;5
143000;BOT_MAKER;BOT_TAKER;TOMATOES;XIRECS;5006.0;2
144000;BOT_MAKER;BOT_TAKER;TOMATOES;XIRECS;5006.0;5
144700;BOT;SUBMISSION;TOMATOES;XIRECS;5013.0;3
145100;SUBMISSION;BOT_TAKER;TOMATOES;XIRECS;5008.0;3
146000;SUBMISSION;BOT_TAKER;EMERALDS;XIRECS;9993.0;5
150000;BOT_TAKER;SUBMISSION;TOMATOES;XIRECS;5019.0;3
151900;BOT;SUBMISSION;EMERALDS;XIRECS;10000.0;6
152000;SUBMISSION;BOT;EMERALDS;XIRECS;10000.0;8
153500;BOT;SUBMISSION;EMERALDS;XIRECS;10000.0;5
154900;SUBMISSION;BOT_TAKER;TOMATOES;XIRECS;5010.0;4
155000;BOT_TAKER;SUBMISSION;TOMATOES;XIRECS;5021.0;5
157200;BOT_TAKER;SUBMISSION;EMERALDS;XIRECS;10000.0;7
157200;SUBMISSION;BOT_TAKER;TOMATOES;XIRECS;5010.0;3
157300;BOT;SUBMISSION;EMERALDS;XIRECS;10000.0;6
158900;BOT_TAKER;SUBMISSION;TOMATOES;XIRECS;5022.0;5
159500;BOT_TAKER;SUBMISSION;EMERALDS;XIRECS;10007.0;8
159900;SUBMISSION;BOT_TAKER;TOMATOES;XIRECS;5010.0;4
163400;SUBMISSION;BOT;EMERALDS;XIRECS;10000.0;7
164200;SUBMISSION;BOT;EMERALDS;XIRECS;10000.0;7
165700;BOT_TAKER;SUBMISSION;TOMATOES;XIRECS;5027.0;2
166000;BOT_TAKER;SUBMISSION;EMERALDS;XIRECS;10007.0;7
166100;BOT_TAKER;SUBMISSION;TOMATOES;XIRECS;5026.0;5
167000;BOT;SUBMISSION;EMERALDS;XIRECS;10000.0;8
167200;SUBMISSION;BOT;TOMATOES;XIRECS;5021.0;5
170100;SUBMISSION;BOT_TAKER;TOMATOES;XIRECS;5015.0;2
170500;SUBMISSION;BOT_TAKER;TOMATOES;XIRECS;5015.0;3
171000;BOT;SUBMISSION;TOMATOES;XIRECS;5019.0;3
171300;SUBMISSION;BOT_TAKER;TOMATOES;XIRECS;5014.0;5
172000;BOT_MAKER;BOT_TAKER;TOMATOES;XIRECS;5013.0;5
174800;BOT;SUBMISSION;EMERALDS;XIRECS;10000.0;5
176800;BOT_MAKER;BOT_TAKER;TOMATOES;XIRECS;5017.0;4
177200;SUBMISSION;BOT;EMERALDS;XIRECS;10000.0;10
179000;SUBMISSION;BOT;EMERALDS;XIRECS;10000.0;5
179000;BOT_TAKER;SUBMISSION;TOMATOES;XIRECS;5030.0;5
181500;BOT_TAKER;SUBMISSION;TOMATOES;XIRECS;5029.0;4
182000;BOT_TAKER;SUBMISSION;TOMATOES;XIRECS;5030.0;4
182600;SUBMISSION;BOT;TOMATOES;XIRECS;5023.0;9
184500;BOT;SUBMISSION;TOMATOES;XIRECS;5024.0;12
186000;SUBMISSION;BOT;TOMATOES;XIRECS;5022.0;12
186400;BOT;SUBMISSION;EMERALDS;XIRECS;10000.0;10
187600;BOT_MAKER;BOT_TAKER;TOMATOES;XIRECS;5018.0;2
188200;BOT;SUBMISSION;TOMATOES;XIRECS;5026.0;5
188400;BOT_TAKER;SUBMISSION;TOMATOES;XIRECS;5031.0;4
188600;BOT;SUBMISSION;EMERALDS;XIRECS;10000.0;5
190500;SUBMISSION;BOT;EMERALDS;XIRECS;10000.0;6
191200;BOT_TAKER;SUBMISSION;TOMATOES;XIRECS;5032.0;5
191500;SUBMISSION;BOT;TOMATOES;XIRECS;5028.0;5
191600;SUBMISSION;BOT;EMERALDS;XIRECS;10000.0;7
191900;SUBMISSION;BOT_TAKER;EMERALDS;XIRECS;9993.0;6
192300;SUBMISSION;BOT;TOMATOES;XIRECS;5026.0;6
192600;SUBMISSION;BOT;EMERALDS;XIRECS;10000.0;5
192800;BOT_TAKER;SUBMISSION;TOMATOES;XIRECS;5032.0;4
193700;BOT_TAKER;BOT_MAKER;TOMATOES;XIRECS;5031.0;3
195100;BOT;SUBMISSION;EMERALDS;XIRECS;10000.0;8
197700;BOT_TAKER;BOT_MAKER;TOMATOES;XIRECS;5029.0;2
198600;BOT_TAKER;SUBMISSION;EMERALDS;XIRECS;10007.0;5
199100;BOT;SUBMISSION;EMERALDS;XIRECS;10000.0;5
201500;SUBMISSION;BOT;TOMATOES;XIRECS;5025.0;11
203300;SUBMISSION;BOT;EMERALDS;XIRECS;10000.0;5
204000;BOT;SUBMISSION;EMERALDS;XIRECS;10000.0;5
204000;BOT;SUBMISSION;TOMATOES;XIRECS;5021.0;2
204100;SUBMISSION;BOT;EMERALDS;XIRECS;10000.0;8
205000;BOT_TAKER;SUBMISSION;TOMATOES;XIRECS;5030.0;4
205700;SUBMISSION;BOT_TAKER;TOMATOES;XIRECS;5016.0;2
206600;BOT_TAKER;SUBMISSION;TOMATOES;XIRECS;5024.0;4
210200;SUBMISSION;BOT_TAKER;TOMATOES;XIRECS;5017.0;3
211100;BOT_TAKER;SUBMISSION;TOMATOES;XIRECS;5031.0;4
213700;BOT_TAKER;SUBMISSION;TOMATOES;XIRECS;5033.0;4
216700;SUBMISSION;BOT;TOMATOES;XIRECS;5031.0;6
217100;BOT_TAKER;SUBMISSION;EMERALDS;XIRECS;10007.0;3
217200;SUBMISSION;BOT;EMERALDS;XIRECS;10000.0;7
219300;SUBMISSION;BOT_TAKER;TOMATOES;XIRECS;5027.0;5
222000;SUBMISSION;BOT;EMERALDS;XIRECS;10000.0;7
224300;BOT_TAKER;BOT_MAKER;TOMATOES;XIRECS;5032.0;4
228000;BOT;SUBMISSION;EMERALDS;XIRECS;10000.0;9
229600;BOT_TAKER;SUBMISSION;EMERALDS;XIRECS;10007.0;8
229700;SUBMISSION;BOT;EMERALDS;XIRECS;10000.0;10
229700;BOT;SUBMISSION;TOMATOES;XIRECS;5032.0;3
231200;SUBMISSION;BOT_TAKER;TOMATOES;XIRECS;5027.0;2
231500;BOT;SUBMISSION;EMERALDS;XIRECS;10000.0;8
232400;BOT_TAKER;SUBMISSION;EMERALDS;XIRECS;10007.0;8
232400;BOT_TAKER;SUBMISSION;TOMATOES;XIRECS;5038.0;4
234600;SUBMISSION;BOT;EMERALDS;XIRECS;10000.0;9
235200;SUBMISSION;BOT;EMERALDS;XIRECS;10000.0;7
235400;BOT_TAKER;SUBMISSION;EMERALDS;XIRECS;10007.0;7
236200;BOT;SUBMISSION;EMERALDS;XIRECS;10000.0;7
236300;BOT;SUBMISSION;EMERALDS;XIRECS;10000.0;10
237000;BOT_TAKER;SUBMISSION;TOMATOES;XIRECS;5038.0;4
237200;BOT_TAKER;SUBMISSION;EMERALDS;XIRECS;10007.0;3
237300;SUBMISSION;BOT_TAKER;EMERALDS;XIRECS;9993.0;4
237600;BOT_TAKER;SUBMISSION;TOMATOES;XIRECS;5036.0;3
238900;SUBMISSION;BOT_TAKER;TOMATOES;XIRECS;5024.0;3
239400;BOT_TAKER;SUBMISSION;EMERALDS;XIRECS;10007.0;3
240300;BOT;SUBMISSION;EMERALDS;XIRECS;10000.0;10
240700;SUBMISSION;BOT;TOMATOES;XIRECS;5030.0;3
242000;BOT;SUBMISSION;EMERALDS;XIRECS;10000.0;9
243400;SUBMISSION;BOT;EMERALDS;XIRECS;10000.0;5
244100;BOT_TAKER;SUBMISSION;TOMATOES;XIRECS;5039.0;2
246000;BOT;SUBMISSION;EMERALDS;XIRECS;10000.0;5
249200;SUBMISSION;BOT_TAKER;TOMATOES;XIRECS;5028.0;3
249500;BOT_TAKER;SUBMISSION;TOMATOES;XIRECS;5041.0;2
251600;BOT_TAKER;SUBMISSION;TOMATOES;XIRECS;5041.0;2
252700;SUBMISSION;BOT_TAKER;EMERALDS;XIRECS;9993.0;6
253600;BOT_TAKER;BOT_MAKER;TOMATOES;XIRECS;5037.0;5
254900;SUBMISSION;BOT;TOMATOES;XIRECS;5029.0;3
255300;SUBMISSION;BOT_TAKER;TOMATOES;XIRECS;5025.0;4
256100;SUBMISSION;BOT_TAKER;TOMATOES;XIRECS;5025.0;4
258600;BOT_TAKER;SUBMISSION;TOMATOES;XIRECS;5033.0;4
259000;SUBMISSION;BOT;EMERALDS;XIRECS;10000.0;7
260700;SUBMISSION;BOT_TAKER;EMERALDS;XIRECS;9993.0;4
261600;BOT_MAKER;BOT_TAKER;TOMATOES;XIRECS;5019.0;2
262000;SUBMISSION;BOT_TAKER;TOMATOES;XIRECS;5020.0;3
263100;BOT;SUBMISSION;TOMATOES;XIRECS;5027.0;9
263500;BOT_TAKER;SUBMISSION;EMERALDS;XIRECS;10007.0;8
263800;SUBMISSION;BOT_TAKER;EMERALDS;XIRECS;9993.0;8
265600;SUBMISSION;BOT;EMERALDS;XIRECS;10000.0;9
265900;SUBMISSION;BOT;EMERALDS;XIRECS;10000.0;10
267500;BOT;SUBMISSION;EMERALDS;XIRECS;10000.0;8
267800;BOT_TAKER;SUBMISSION;EMERALDS;XIRECS;10007.0;4
270200;BOT;SUBMISSION;EMERALDS;XIRECS;10000.0;8
270200;SUBMISSION;BOT_TAKER;EMERALDS;XIRECS;9999.0;6
270400;BOT_TAKER;SUBMISSION;EMERALDS;XIRECS;10007.0;4
270900;BOT_TAKER;SUBMISSION;TOMATOES;XIRECS;5028.0;4
271400;SUBMISSION;BOT;TOMATOES;XIRECS;5022.0;6
271800;SUBMISSION;BOT;EMERALDS;XIRECS;10000.0;5
271800;SUBMISSION;BOT_TAKER;EMERALDS;XIRECS;9993.0;3
272600;BOT_TAKER;SUBMISSION;TOMATOES;XIRECS;5027.0;5
274200;BOT;SUBMISSION;EMERALDS;XIRECS;10000.0;8
275000;BOT_TAKER;BOT_MAKER;TOMATOES;XIRECS;5026.0;3
275300;BOT_TAKER;SUBMISSION;EMERALDS;XIRECS;10007.0;4
276000;BOT;SUBMISSION;EMERALDS;XIRECS;10000.0;8
277300;BOT;SUBMISSION;EMERALDS;XIRECS;10000.0;8
278000;SUBMISSION;BOT;TOMATOES;XIRECS;5025.0;4
280700;SUBMISSION;BOT_TAKER;EMERALDS;XIRECS;9993.0;8
283600;SUBMISSION;BOT_TAKER;TOMATOES;XIRECS;5020.0;2
284300;BOT;SUBMISSION;EMERALDS;XIRECS;10000.0;5
288200;BOT_TAKER;SUBMISSION;EMERALDS;XIRECS;10007.0;4
288500;BOT_TAKER;SUBMISSION;TOMATOES;XIRECS;5033.0;2
288900;SUBMISSION;BOT_TAKER;EMERALDS;XIRECS;9993.0;5
289700;SUBMISSION;BOT_TAKER;EMERALDS;XIRECS;9993.0;6
290500;BOT;SUBMISSION;EMERALDS;XIRECS;10000.0;7
290800;BOT_TAKER;SUBMISSION;EMERALDS;XIRECS;10007.0;8
291900;BOT_TAKER;SUBMISSION;TOMATOES;XIRECS;5035.0;3
293400;SUBMISSION;BOT;EMERALDS;XIRECS;10000.0;8
294100;SUBMISSION;BOT;TOMATOES;XIRECS;5029.0;10
294400;BOT_TAKER;SUBMISSION;TOMATOES;XIRECS;5036.0;2
295600;SUBMISSION;BOT;EMERALDS;XIRECS;10000.0;9
296100;SUBMISSION;BOT;EMERALDS;XIRECS;10000.0;9
297200;BOT_TAKER;SUBMISSION;EMERALDS;XIRECS;10007.0;8
298800;BOT_TAKER;SUBMISSION;TOMATOES;XIRECS;5034.0;5
299000;BOT_TAKER;SUBMISSION;TOMATOES;XIRECS;5035.0;3
299200;BOT_TAKER;SUBMISSION;TOMATOES;XIRECS;5036.0;2
299700;SUBMISSION;BOT;EMERALDS;XIRECS;10000.0;7
300800;BOT;SUBMISSION;EMERALDS;XIRECS;10000.0;10
301600;SUBMISSION;BOT_TAKER;TOMATOES;XIRECS;5023.0;4
302500;BOT_TAKER;SUBMISSION;EMERALDS;XIRECS;10007.0;6
302500;SUBMISSION;BOT_TAKER;TOMATOES;XIRECS;5022.0;4
304900;SUBMISSION;BOT_TAKER;TOMATOES;XIRECS;5021.0;4
305200;SUBMISSION;BOT_TAKER;EMERALDS;XIRECS;9993.0;5
305200;SUBMISSION;BOT_TAKER;TOMATOES;XIRECS;5020.0;3
305400;BOT;SUBMISSION;TOMATOES;XIRECS;5024.0;8
305500;SUBMISSION;BOT_TAKER;EMERALDS;XIRECS;9993.0;5
307100;BOT;SUBMISSION;EMERALDS;XIRECS;10000.0;7
308000;SUBMISSION;BOT;EMERALDS;XIRECS;10000.0;5
308300;BOT_TAKER;SUBMISSION;EMERALDS;XIRECS;10007.0;5
309000;BOT_TAKER;BOT_MAKER;TOMATOES;XIRECS;5027.0;3
309000;BOT_TAKER;SUBMISSION;TOMATOES;XIRECS;5029.0;2
310400;SUBMISSION;BOT_TAKER;TOMATOES;XIRECS;5016.0;3
312700;SUBMISSION;BOT;EMERALDS;XIRECS;10000.0;9
314300;SUBMISSION;BOT_TAKER;TOMATOES;XIRECS;5013.0;4
315100;BOT;SUBMISSION;EMERALDS;XIRECS;10000.0;5
315800;BOT_TAKER;SUBMISSION;TOMATOES;XIRECS;5023.0;5
318000;SUBMISSION;BOT_TAKER;EMERALDS;XIRECS;9993.0;6
318300;BOT_TAKER;SUBMISSION;EMERALDS;XIRECS;10007.0;5
318500;SUBMISSION;BOT_TAKER;TOMATOES;XIRECS;5012.0;5
318600;BOT_MAKER;BOT_TAKER;TOMATOES;XIRECS;5011.0;3
319500;SUBMISSION;BOT;EMERALDS;XIRECS;10000.0;9
319900;BOT_TAKER;SUBMISSION;EMERALDS;XIRECS;10007.0;8
320100;SUBMISSION;BOT;EMERALDS;XIRECS;10000.0;10
320200;SUBMISSION;BOT;EMERALDS;XIRECS;10000.0;9
321200;SUBMISSION;BOT;EMERALDS;XIRECS;10000.0;9
321500;BOT_TAKER;SUBMISSION;TOMATOES;XIRECS;5023.0;3
322000;SUBMISSION;BOT_TAKER;TOMATOES;XIRECS;5012.0;2
322100;BOT_TAKER;BOT_MAKER;TOMATOES;XIRECS;5019.0;2
323100;BOT;SUBMISSION;TOMATOES;XIRECS;5017.0;3
323400;SUBMISSION;BOT_TAKER;TOMATOES;XIRECS;5012.0;5
323600;BOT;SUBMISSION;TOMATOES;XIRECS;5016.0;5
324800;SUBMISSION;BOT_TAKER;EMERALDS;XIRECS;9993.0;3
327000;BOT;SUBMISSION;EMERALDS;XIRECS;10000.0;10
330000;SUBMISSION;BOT_TAKER;EMERALDS;XIRECS;9993.0;3
332300;BOT_TAKER;SUBMISSION;TOMATOES;XIRECS;5021.0;3
332900;SUBMISSION;BOT;TOMATOES;XIRECS;5015.0;3
334700;BOT_TAKER;SUBMISSION;TOMATOES;XIRECS;5022.0;5
337400;SUBMISSION;BOT_TAKER;TOMATOES;XIRECS;5012.0;3
337600;SUBMISSION;BOT;EMERALDS;XIRECS;10000.0;7
338900;SUBMISSION;BOT;EMERALDS;XIRECS;10000.0;9
339700;BOT;SUBMISSION;EMERALDS;XIRECS;10000.0;5
340000;BOT_TAKER;SUBMISSION;TOMATOES;XIRECS;5026.0;4
340800;BOT;SUBMISSION;EMERALDS;XIRECS;10000.0;9
342500;SUBMISSION;BOT_TAKER;TOMATOES;XIRECS;5016.0;2
342700;SUBMISSION;BOT;EMERALDS;XIRECS;10000.0;9
343800;BOT;SUBMISSION;EMERALDS;XIRECS;10000.0;5
344600;SUBMISSION;BOT;TOMATOES;XIRECS;5020.0;9
346000;SUBMISSION;BOT;EMERALDS;XIRECS;10000.0;7
346700;BOT_TAKER;SUBMISSION;EMERALDS;XIRECS;10007.0;3
346700;BOT_TAKER;SUBMISSION;TOMATOES;XIRECS;5025.0;3
347400;BOT_TAKER;SUBMISSION;TOMATOES;XIRECS;5024.0;5
347700;SUBMISSION;BOT_TAKER;TOMATOES;XIRECS;5012.0;5
351800;BOT_TAKER;SUBMISSION;EMERALDS;XIRECS;10007.0;7
353400;SUBMISSION;BOT;EMERALDS;XIRECS;10000.0;8
353800;BOT;SUBMISSION;TOMATOES;XIRECS;5018.0;5
354800;SUBMISSION;BOT_TAKER;TOMATOES;XIRECS;5011.0;3
355000;SUBMISSION;BOT_TAKER;TOMATOES;XIRECS;5010.0;5
355300;BOT_MAKER;BOT_TAKER;TOMATOES;XIRECS;5009.0;3
355800;BOT;SUBMISSION;EMERALDS;XIRECS;10000.0;9
356500;BOT_TAKER;SUBMISSION;EMERALDS;XIRECS;10007.0;8
356900;BOT;SUBMISSION;EMERALDS;XIRECS;10000.0;8
357100;BOT;SUBMISSION;EMERALDS;XIRECS;10000.0;6
357600;SUBMISSION;BOT;EMERALDS;XIRECS;10000.0;9
358200;BOT_TAKER;SUBMISSION;TOMATOES;XIRECS;5024.0;5
358700;BOT_TAKER;SUBMISSION;TOMATOES;XIRECS;5025.0;4
359300;SUBMISSION;BOT;TOMATOES;XIRECS;5018.0;2
360000;BOT_TAKER;SUBMISSION;TOMATOES;XIRECS;5022.0;5
361800;SUBMISSION;BOT;EMERALDS;XIRECS;10000.0;9
362100;SUBMISSION;BOT_TAKER;TOMATOES;XIRECS;5013.0;2
363500;BOT_TAKER;SUBMISSION;TOMATOES;XIRECS;5023.0;4
365500;BOT;SUBMISSION;EMERALDS;XIRECS;10000.0;8
365600;BOT;SUBMISSION;EMERALDS;XIRECS;10000.0;7
366300;SUBMISSION;BOT;EMERALDS;XIRECS;10000.0;6
366400;BOT_TAKER;SUBMISSION;EMERALDS;XIRECS;10007.0;8
366900;SUBMISSION;BOT;TOMATOES;XIRECS;5022.0;2
366900;SUBMISSION;BOT_TAKER;TOMATOES;XIRECS;5017.0;5
367200;BOT;SUBMISSION;EMERALDS;XIRECS;10000.0;6
368100;BOT_TAKER;SUBMISSION;TOMATOES;XIRECS;5029.0;2
372200;BOT_TAKER;SUBMISSION;EMERALDS;XIRECS;10007.0;3
372800;BOT_TAKER;SUBMISSION;EMERALDS;XIRECS;10007.0;7
373300;SUBMISSION;BOT_TAKER;EMERALDS;XIRECS;9993.0;5
373500;BOT;SUBMISSION;EMERALDS;XIRECS;10000.0;6
373800;BOT_TAKER;SUBMISSION;TOMATOES;XIRECS;5030.0;5
374600;SUBMISSION;BOT;EMERALDS;XIRECS;10000.0;10
375000;SUBMISSION;BOT_TAKER;EMERALDS;XIRECS;9993.0;6
376500;SUBMISSION;BOT_TAKER;EMERALDS;XIRECS;9993.0;6
377500;SUBMISSION;BOT;EMERALDS;XIRECS;10000.0;5
377600;SUBMISSION;BOT;EMERALDS;XIRECS;10000.0;9
378400;SUBMISSION;BOT;EMERALDS;XIRECS;10000.0;6
378800;SUBMISSION;BOT;TOMATOES;XIRECS;5025.0;3
379800;BOT_TAKER;SUBMISSION;TOMATOES;XIRECS;5030.0;5
381300;SUBMISSION;BOT_TAKER;EMERALDS;XIRECS;9993.0;4
382600;BOT;SUBMISSION;EMERALDS;XIRECS;10000.0;5
383400;SUBMISSION;BOT;EMERALDS;XIRECS;10000.0;5
385400;SUBMISSION;BOT;TOMATOES;XIRECS;5021.0;2
385700;BOT;SUBMISSION;EMERALDS;XIRECS;10000.0;9
386300;BOT_TAKER;SUBMISSION;EMERALDS;XIRECS;10007.0;7
386400;BOT;SUBMISSION;EMERALDS;XIRECS;10000.0;8
386600;BOT_TAKER;BOT_MAKER;TOMATOES;XIRECS;5028.0;2
387200;SUBMISSION;BOT;TOMATOES;XIRECS;5021.0;4
387500;SUBMISSION;BOT;EMERALDS;XIRECS;10000.0;8
387600;BOT;SUBMISSION;EMERALDS;XIRECS;10000.0;10
387800;BOT;SUBMISSION;EMERALDS;XIRECS;10000.0;7
388700;BOT;SUBMISSION;EMERALDS;XIRECS;10000.0;8
389100;SUBMISSION;BOT_TAKER;TOMATOES;XIRECS;5017.0;3
390400;SUBMISSION;BOT_TAKER;TOMATOES;XIRECS;5012.0;3
391300;SUBMISSION;BOT_TAKER;TOMATOES;XIRECS;5012.0;3
391600;BOT;SUBMISSION;EMERALDS;XIRECS;10000.0;10
391900;SUBMISSION;BOT_TAKER;EMERALDS;XIRECS;9993.0;5
392800;BOT_TAKER;SUBMISSION;TOMATOES;XIRECS;5025.0;4
393300;SUBMISSION;BOT_TAKER;TOMATOES;XIRECS;5014.0;2
394300;BOT_TAKER;SUBMISSION;TOMATOES;XIRECS;5026.0;3
394900;SUBMISSION;BOT_TAKER;TOMATOES;XIRECS;5017.0;3
396900;BOT;SUBMISSION;EMERALDS;XIRECS;10000.0;6
397200;BOT_TAKER;SUBMISSION;EMERALDS;XIRECS;10007.0;8
398900;SUBMISSION;BOT_TAKER;TOMATOES;XIRECS;5015.0;3
399700;BOT_TAKER;SUBMISSION;EMERALDS;XIRECS;10007.0;7
403300;BOT;SUBMISSION;TOMATOES;XIRECS;5027.0;6
405600;SUBMISSION;BOT;EMERALDS;XIRECS;10000.0;8
407200;SUBMISSION;BOT_TAKER;EMERALDS;XIRECS;9993.0;4
407500;SUBMISSION;BOT_TAKER;TOMATOES;XIRECS;5027.0;2
408100;BOT_TAKER;SUBMISSION;EMERALDS;XIRECS;10007.0;8
410000;BOT;SUBMISSION;TOMATOES;XIRECS;5033.0;6
410000;BOT_TAKER;SUBMISSION;TOMATOES;XIRECS;5037.0;2
410800;SUBMISSION;BOT;EMERALDS;XIRECS;10000.0;9
410900;BOT_TAKER;BOT_MAKER;TOMATOES;XIRECS;5039.0;2
411100;SUBMISSION;BOT_TAKER;EMERALDS;XIRECS;9993.0;6
412600;BOT_TAKER;SUBMISSION;EMERALDS;XIRECS;10007.0;8
412800;SUBMISSION;BOT;TOMATOES;XIRECS;5032.0;6
413000;BOT_TAKER;SUBMISSION;EMERALDS;XIRECS;10007.0;8
413000;SUBMISSION;BOT_TAKER;TOMATOES;XIRECS;5025.0;2
415800;SUBMISSION;BOT;EMERALDS;XIRECS;10000.0;6
417700;BOT;SUBMISSION;EMERALDS;XIRECS;10000.0;5
417800;BOT_TAKER;SUBMISSION;TOMATOES;XIRECS;5039.0;2
419700;SUBMISSION;BOT_TAKER;EMERALDS;XIRECS;9993.0;6
422700;BOT;SUBMISSION;EMERALDS;XIRECS;10000.0;8
422900;BOT_TAKER;SUBMISSION;EMERALDS;XIRECS;10007.0;6
423600;SUBMISSION;BOT_TAKER;EMERALDS;XIRECS;9993.0;7
424300;SUBMISSION;BOT;EMERALDS;XIRECS;10000.0;6
426900;BOT_TAKER;SUBMISSION;TOMATOES;XIRECS;5040.0;5
427400;SUBMISSION;BOT_TAKER;TOMATOES;XIRECS;5029.0;3
429300;SUBMISSION;BOT;EMERALDS;XIRECS;10000.0;8
430700;BOT;SUBMISSION;EMERALDS;XIRECS;10000.0;9
432100;SUBMISSION;BOT_TAKER;TOMATOES;XIRECS;5036.0;4
435900;SUBMISSION;BOT;EMERALDS;XIRECS;10000.0;6
436800;SUBMISSION;BOT;EMERALDS;XIRECS;10000.0;9
437500;SUBMISSION;BOT_TAKER;EMERALDS;XIRECS;9993.0;3
439100;BOT_TAKER;SUBMISSION;EMERALDS;XIRECS;10007.0;3
439700;BOT_TAKER;SUBMISSION;TOMATOES;XIRECS;5041.0;5
441000;SUBMISSION;BOT;EMERALDS;XIRECS;10000.0;8
441200;SUBMISSION;BOT_TAKER;TOMATOES;XIRECS;5027.0;4
442800;SUBMISSION;BOT_TAKER;TOMATOES;XIRECS;5028.0;3
444400;BOT;SUBMISSION;EMERALDS;XIRECS;10000.0;9
444900;SUBMISSION;BOT_TAKER;EMERALDS;XIRECS;9993.0;5
446400;BOT;SUBMISSION;TOMATOES;XIRECS;5035.0;3
447600;BOT;SUBMISSION;EMERALDS;XIRECS;10000.0;10
447800;SUBMISSION;BOT_TAKER;EMERALDS;XIRECS;9993.0;4
448300;BOT_TAKER;SUBMISSION;EMERALDS;XIRECS;10007.0;7
449400;SUBMISSION;BOT;EMERALDS;XIRECS;10000.0;6
452100;BOT_TAKER;SUBMISSION;TOMATOES;XIRECS;5032.0;2
454000;SUBMISSION;BOT_TAKER;EMERALDS;XIRECS;9993.0;5
454000;SUBMISSION;BOT_TAKER;TOMATOES;XIRECS;5019.0;4
454600;BOT_TAKER;SUBMISSION;TOMATOES;XIRECS;5030.0;5
456000;SUBMISSION;BOT;TOMATOES;XIRECS;5022.0;2
458000;BOT_TAKER;SUBMISSION;TOMATOES;XIRECS;5026.0;3
459300;BOT_TAKER;SUBMISSION;EMERALDS;XIRECS;10007.0;5
459500;SUBMISSION;BOT_TAKER;TOMATOES;XIRECS;5018.0;5
459800;BOT_TAKER;SUBMISSION;EMERALDS;XIRECS;10007.0;5
461700;SUBMISSION;BOT_TAKER;TOMATOES;XIRECS;5018.0;4
463200;BOT;SUBMISSION;EMERALDS;XIRECS;10000.0;9
463200;BOT_TAKER;SUBMISSION;EMERALDS;XIRECS;10007.0;6
466600;BOT;SUBMISSION;EMERALDS;XIRECS;10000.0;10
466800;BOT_TAKER;SUBMISSION;TOMATOES;XIRECS;5029.0;5
467200;BOT;SUBMISSION;EMERALDS;XIRECS;10000.0;6
468900;SUBMISSION;BOT;TOMATOES;XIRECS;5020.0;5
469000;BOT;SUBMISSION;EMERALDS;XIRECS;10000.0;6
469700;SUBMISSION;BOT;EMERALDS;XIRECS;10000.0;5
473800;BOT;SUBMISSION;TOMATOES;XIRECS;5018.0;3
474900;SUBMISSION;BOT;EMERALDS;XIRECS;10000.0;7
475200;BOT_TAKER;SUBMISSION;TOMATOES;XIRECS;5026.0;2
475800;SUBMISSION;BOT_TAKER;TOMATOES;XIRECS;5015.0;3
476900;SUBMISSION;BOT_TAKER;EMERALDS;XIRECS;9993.0;5
477800;BOT;SUBMISSION;EMERALDS;XIRECS;10000.0;6
478300;BOT_TAKER;SUBMISSION;TOMATOES;XIRECS;5024.0;4
478700;SUBMISSION;BOT;EMERALDS;XIRECS;10000.0;9
481100;BOT;SUBMISSION;EMERALDS;XIRECS;10000.0;9
481900;BOT;SUBMISSION;EMERALDS;XIRECS;10000.0;10
481900;BOT_TAKER;SUBMISSION;EMERALDS;XIRECS;10007.0;8
482300;BOT;SUBMISSION;EMERALDS;XIRECS;10000.0;10
483000;BOT_TAKER;SUBMISSION;TOMATOES;XIRECS;5024.0;4
484100;SUBMISSION;BOT_TAKER;TOMATOES;XIRECS;5014.0;2
484200;SUBMISSION;BOT_TAKER;TOMATOES;XIRECS;5013.0;3
484300;BOT_TAKER;SUBMISSION;TOMATOES;XIRECS;5024.0;4
485100;SUBMISSION;BOT_TAKER;TOMATOES;XIRECS;5011.0;5
487600;BOT;SUBMISSION;EMERALDS;XIRECS;10000.0;10
488100;BOT_TAKER;SUBMISSION;EMERALDS;XIRECS;10007.0;5
489000;SUBMISSION;BOT;EMERALDS;XIRECS;10000.0;8
489800;SUBMISSION;BOT;EMERALDS;XIRECS;10000.0;6
494100;SUBMISSION;BOT_TAKER;TOMATOES;XIRECS;5024.0;3
494400;BOT;SUBMISSION;EMERALDS;XIRECS;10000.0;8
495100;BOT;SUBMISSION;EMERALDS;XIRECS;10000.0;5
496000;SUBMISSION;BOT_TAKER;TOMATOES;XIRECS;5020.0;4
496300;BOT_TAKER;SUBMISSION;EMERALDS;XIRECS;10007.0;6
497500;BOT_MAKER;BOT_TAKER;TOMATOES;XIRECS;5018.0;4
498300;SUBMISSION;BOT;EMERALDS;XIRECS;10000.0;9
498800;BOT;SUBMISSION;EMERALDS;XIRECS;10000.0;8
501100;BOT;SUBMISSION;TOMATOES;XIRECS;5026.0;3
501400;BOT_MAKER;BOT_TAKER;TOMATOES;XIRECS;5026.0;3
503100;BOT_TAKER;BOT_MAKER;TOMATOES;XIRECS;5027.0;3
504500;SUBMISSION;BOT_TAKER;EMERALDS;XIRECS;9993.0;4
504900;BOT_TAKER;SUBMISSION;TOMATOES;XIRECS;5034.0;2
505000;SUBMISSION;BOT;EMERALDS;XIRECS;10000.0;5
505400;SUBMISSION;BOT_TAKER;EMERALDS;XIRECS;9993.0;6
505400;BOT_TAKER;SUBMISSION;TOMATOES;XIRECS;5033.0;4
506200;BOT_TAKER;SUBMISSION;TOMATOES;XIRECS;5033.0;2
506300;SUBMISSION;BOT_TAKER;EMERALDS;XIRECS;9993.0;8
507900;SUBMISSION;BOT_TAKER;EMERALDS;XIRECS;9993.0;4
507900;BOT_MAKER;BOT_TAKER;TOMATOES;XIRECS;5026.0;3
508300;BOT_TAKER;SUBMISSION;TOMATOES;XIRECS;5030.0;3
509100;SUBMISSION;BOT_TAKER;TOMATOES;XIRECS;5018.0;5
509200;BOT_TAKER;SUBMISSION;TOMATOES;XIRECS;5029.0;2
509400;SUBMISSION;BOT;EMERALDS;XIRECS;10000.0;7
509700;SUBMISSION;BOT_TAKER;EMERALDS;XIRECS;9993.0;7
511000;SUBMISSION;BOT;EMERALDS;XIRECS;10000.0;10
511300;BOT_TAKER;SUBMISSION;EMERALDS;XIRECS;10007.0;8
511900;SUBMISSION;BOT;EMERALDS;XIRECS;10000.0;9
514000;SUBMISSION;BOT_TAKER;EMERALDS;XIRECS;9993.0;4
515200;BOT_TAKER;SUBMISSION;TOMATOES;XIRECS;5036.0;4
515300;BOT;SUBMISSION;EMERALDS;XIRECS;10000.0;8
515800;SUBMISSION;BOT_TAKER;TOMATOES;XIRECS;5024.0;3
516500;SUBMISSION;BOT;EMERALDS;XIRECS;10000.0;7
517600;BOT_TAKER;SUBMISSION;TOMATOES;XIRECS;5037.0;5
518200;SUBMISSION;BOT_TAKER;TOMATOES;XIRECS;5026.0;2
518300;SUBMISSION;BOT_TAKER;TOMATOES;XIRECS;5026.0;2
518700;SUBMISSION;BOT;TOMATOES;XIRECS;5029.0;6
519100;BOT;SUBMISSION;EMERALDS;XIRECS;10000.0;9
519300;SUBMISSION;BOT_TAKER;EMERALDS;XIRECS;9993.0;7
519600;BOT_TAKER;BOT_MAKER;TOMATOES;XIRECS;5029.0;2
520200;SUBMISSION;BOT_TAKER;TOMATOES;XIRECS;5024.0;2
521200;SUBMISSION;BOT;EMERALDS;XIRECS;10000.0;7
521500;SUBMISSION;BOT_TAKER;EMERALDS;XIRECS;9993.0;4
524300;BOT;SUBMISSION;EMERALDS;XIRECS;10000.0;6
524900;BOT_TAKER;SUBMISSION;EMERALDS;XIRECS;10007.0;8
525600;SUBMISSION;BOT_TAKER;TOMATOES;XIRECS;5027.0;3
526700;SUBMISSION;BOT;EMERALDS;XIRECS;10000.0;8
527300;SUBMISSION;BOT;EMERALDS;XIRECS;10000.0;7
528000;BOT_TAKER;SUBMISSION;TOMATOES;XIRECS;5039.0;5
528100;BOT_TAKER;SUBMISSION;EMERALDS;XIRECS;10007.0;5
529500;BOT_TAKER;SUBMISSION;EMERALDS;XIRECS;10007.0;6
530000;BOT_TAKER;SUBMISSION;EMERALDS;XIRECS;10007.0;6
530900;SUBMISSION;BOT_TAKER;EMERALDS;XIRECS;9993.0;8
533800;SUBMISSION;BOT;EMERALDS;XIRECS;10000.0;6
534700;BOT;SUBMISSION;EMERALDS;XIRECS;10000.0;8
536700;BOT_TAKER;SUBMISSION;TOMATOES;XIRECS;5035.0;5
537100;BOT_TAKER;SUBMISSION;TOMATOES;XIRECS;5036.0;3
537900;SUBMISSION;BOT;EMERALDS;XIRECS;10000.0;5
538200;SUBMISSION;BOT;EMERALDS;XIRECS;10000.0;8
538700;SUBMISSION;BOT_TAKER;EMERALDS;XIRECS;9993.0;4
540300;BOT_TAKER;SUBMISSION;TOMATOES;XIRECS;5036.0;3
541700;BOT_TAKER;BOT_MAKER;TOMATOES;XIRECS;5040.0;3
543100;SUBMISSION;BOT;TOMATOES;XIRECS;5035.0;3
544600;BOT_TAKER;SUBMISSION;EMERALDS;XIRECS;10007.0;8
545200;BOT;SUBMISSION;EMERALDS;XIRECS;10000.0;5
545900;SUBMISSION;BOT;TOMATOES;XIRECS;5030.0;5
546200;BOT_TAKER;SUBMISSION;TOMATOES;XIRECS;5035.0;4
546900;SUBMISSION;BOT_TAKER;EMERALDS;XIRECS;9993.0;4
547400;SUBMISSION;BOT;EMERALDS;XIRECS;10000.0;6
549800;BOT_TAKER;SUBMISSION;TOMATOES;XIRECS;5038.0;3
551200;SUBMISSION;BOT_TAKER;TOMATOES;XIRECS;5028.0;2
551800;BOT_TAKER;SUBMISSION;TOMATOES;XIRECS;5040.0;3
552300;BOT_TAKER;BOT_MAKER;TOMATOES;XIRECS;5041.0;5
552800;SUBMISSION;BOT_TAKER;EMERALDS;XIRECS;9993.0;4
552800;SUBMISSION;BOT_TAKER;TOMATOES;XIRECS;5030.0;5
553200;SUBMISSION;BOT_TAKER;EMERALDS;XIRECS;9993.0;5
553400;BOT_TAKER;SUBMISSION;EMERALDS;XIRECS;10007.0;4
555800;SUBMISSION;BOT;TOMATOES;XIRECS;5035.0;4
557400;BOT_TAKER;SUBMISSION;TOMATOES;XIRECS;5042.0;2
558300;SUBMISSION;BOT_TAKER;EMERALDS;XIRECS;9993.0;6
558600;BOT_TAKER;SUBMISSION;TOMATOES;XIRECS;5042.0;5
559000;SUBMISSION;BOT;EMERALDS;XIRECS;10000.0;7
559100;BOT_TAKER;BOT_MAKER;TOMATOES;XIRECS;5044.0;2
560700;SUBMISSION;BOT_TAKER;TOMATOES;XIRECS;5030.0;2
561200;BOT_TAKER;BOT_MAKER;TOMATOES;XIRECS;5042.0;4
563700;BOT_TAKER;BOT_MAKER;TOMATOES;XIRECS;5042.0;2
566300;BOT_TAKER;SUBMISSION;TOMATOES;XIRECS;5040.0;5
566600;SUBMISSION;BOT_TAKER;EMERALDS;XIRECS;9993.0;7
567600;BOT;SUBMISSION;EMERALDS;XIRECS;10000.0;6
569600;SUBMISSION;BOT_TAKER;TOMATOES;XIRECS;5030.0;2
569800;BOT_TAKER;BOT_MAKER;TOMATOES;XIRECS;5041.0;2
572500;SUBMISSION;BOT;TOMATOES;XIRECS;5034.0;2
574000;SUBMISSION;BOT;EMERALDS;XIRECS;10000.0;8
575600;BOT;SUBMISSION;EMERALDS;XIRECS;10000.0;10
577000;BOT;SUBMISSION;EMERALDS;XIRECS;10000.0;5
577700;BOT_TAKER;SUBMISSION;TOMATOES;XIRECS;5036.0;5
578500;BOT;SUBMISSION;EMERALDS;XIRECS;10000.0;7
578600;SUBMISSION;BOT_TAKER;TOMATOES;XIRECS;5024.0;4
581000;SUBMISSION;BOT;TOMATOES;XIRECS;5030.0;2
581200;SUBMISSION;BOT;EMERALDS;XIRECS;10000.0;9
581800;BOT_TAKER;SUBMISSION;TOMATOES;XIRECS;5037.0;3
583700;SUBMISSION;BOT;TOMATOES;XIRECS;5028.0;3
583800;SUBMISSION;BOT_TAKER;TOMATOES;XIRECS;5022.0;2
584700;BOT;SUBMISSION;EMERALDS;XIRECS;10000.0;9
585100;BOT;SUBMISSION;EMERALDS;XIRECS;10000.0;10
585500;SUBMISSION;BOT;TOMATOES;XIRECS;5028.0;4
586400;SUBMISSION;BOT;EMERALDS;XIRECS;10000.0;10
591200;SUBMISSION;BOT_TAKER;TOMATOES;XIRECS;5024.0;2
594400;BOT_TAKER;SUBMISSION;TOMATOES;XIRECS;5031.0;3
595900;BOT_TAKER;BOT_MAKER;TOMATOES;XIRECS;5023.0;2
596500;SUBMISSION;BOT_TAKER;TOMATOES;XIRECS;5021.0;2
596800;BOT_TAKER;SUBMISSION;EMERALDS;XIRECS;10007.0;8
597100;SUBMISSION;BOT_TAKER;EMERALDS;XIRECS;9993.0;4
597300;SUBMISSION;BOT_TAKER;TOMATOES;XIRECS;5021.0;3
598000;SUBMISSION;BOT;EMERALDS;XIRECS;10000.0;9
598500;BOT;SUBMISSION;EMERALDS;XIRECS;10000.0;10
599400;BOT;SUBMISSION;EMERALDS;XIRECS;10000.0;9
599900;BOT;SUBMISSION;EMERALDS;XIRECS;10000.0;6
600400;BOT;SUBMISSION;EMERALDS;XIRECS;10000.0;9
600500;SUBMISSION;BOT;EMERALDS;XIRECS;10000.0;9
601800;SUBMISSION;BOT_TAKER;EMERALDS;XIRECS;9993.0;5
603800;BOT;SUBMISSION;EMERALDS;XIRECS;10000.0;10
603900;BOT;SUBMISSION;EMERALDS;XIRECS;10000.0;9
604600;BOT_MAKER;BOT_TAKER;TOMATOES;XIRECS;5019.0;2
606200;BOT;SUBMISSION;EMERALDS;XIRECS;10000.0;6
606400;BOT;SUBMISSION;EMERALDS;XIRECS;10000.0;7
607300;BOT_TAKER;SUBMISSION;TOMATOES;XIRECS;5033.0;5
607600;SUBMISSION;BOT_TAKER;TOMATOES;XIRECS;5021.0;5
608500;SUBMISSION;BOT_TAKER;TOMATOES;XIRECS;5020.0;3
609500;SUBMISSION;BOT_TAKER;TOMATOES;XIRECS;5018.0;3
612500;BOT;SUBMISSION;TOMATOES;XIRECS;5026.0;5
613400;SUBMISSION;BOT;EMERALDS;XIRECS;10000.0;8
614000;BOT_MAKER;BOT_TAKER;TOMATOES;XIRECS;5020.0;4
617400;BOT_TAKER;SUBMISSION;TOMATOES;XIRECS;5033.0;3
619100;BOT;SUBMISSION;TOMATOES;XIRECS;5030.0;6
620400;SUBMISSION;BOT_TAKER;TOMATOES;XIRECS;5024.0;3
621000;BOT_TAKER;SUBMISSION;TOMATOES;XIRECS;5037.0;3
621600;BOT_TAKER;SUBMISSION;TOMATOES;XIRECS;5037.0;2
621900;SUBMISSION;BOT;EMERALDS;XIRECS;10000.0;6
622600;SUBMISSION;BOT;TOMATOES;XIRECS;5031.0;5
622900;SUBMISSION;BOT;EMERALDS;XIRECS;10000.0;9
623000;BOT_TAKER;SUBMISSION;EMERALDS;XIRECS;10007.0;7
623200;SUBMISSION;BOT;EMERALDS;XIRECS;10000.0;9
623800;SUBMISSION;BOT_TAKER;EMERALDS;XIRECS;9993.0;5
624400;SUBMISSION;BOT;EMERALDS;XIRECS;10000.0;9
624400;SUBMISSION;BOT_TAKER;EMERALDS;XIRECS;9993.0;4
625800;BOT_TAKER;SUBMISSION;EMERALDS;XIRECS;10007.0;6
627700;BOT;SUBMISSION;EMERALDS;XIRECS;10000.0;7
628200;BOT;SUBMISSION;EMERALDS;XIRECS;10000.0;9
628900;BOT;SUBMISSION;EMERALDS;XIRECS;10000.0;5
631500;BOT;SUBMISSION;EMERALDS;XIRECS;10000.0;6
634600;SUBMISSION;BOT_TAKER;TOMATOES;XIRECS;5015.0;5
634900;SUBMISSION;BOT_TAKER;TOMATOES;XIRECS;5014.0;2
637900;SUBMISSION;BOT;EMERALDS;XIRECS;10000.0;8
638100;BOT_TAKER;SUBMISSION;TOMATOES;XIRECS;5022.0;4
638900;BOT_TAKER;SUBMISSION;EMERALDS;XIRECS;10007.0;8
641300;BOT_MAKER;BOT_TAKER;TOMATOES;XIRECS;5009.0;3
641600;SUBMISSION;BOT_TAKER;TOMATOES;XIRECS;5004.0;5
642100;BOT_MAKER;BOT_TAKER;TOMATOES;XIRECS;5002.0;3
644100;BOT;SUBMISSION;TOMATOES;XIRECS;5006.0;7
646300;SUBMISSION;BOT_TAKER;TOMATOES;XIRECS;5002.0;5
646400;SUBMISSION;BOT;EMERALDS;XIRECS;10000.0;7
646400;BOT;SUBMISSION;TOMATOES;XIRECS;5007.0;3
646500;BOT;SUBMISSION;EMERALDS;XIRECS;10000.0;7
648400;BOT;SUBMISSION;TOMATOES;XIRECS;5010.0;6
648600;BOT_TAKER;SUBMISSION;TOMATOES;XIRECS;5015.0;3
649400;SUBMISSION;BOT;TOMATOES;XIRECS;5013.0;2
650100;SUBMISSION;BOT;EMERALDS;XIRECS;10000.0;6
650700;BOT_TAKER;SUBMISSION;EMERALDS;XIRECS;10007.0;3
651700;SUBMISSION;BOT;TOMATOES;XIRECS;5013.0;2
652200;BOT;SUBMISSION;EMERALDS;XIRECS;10000.0;9
652900;SUBMISSION;BOT;EMERALDS;XIRECS;10000.0;6
655800;SUBMISSION;BOT_TAKER;TOMATOES;XIRECS;5004.0;3
656700;BOT_TAKER;SUBMISSION;TOMATOES;XIRECS;5017.0;5
656900;SUBMISSION;BOT_TAKER;TOMATOES;XIRECS;5006.0;3
657600;SUBMISSION;BOT_TAKER;EMERALDS;XIRECS;9993.0;5
659900;BOT_TAKER;SUBMISSION;TOMATOES;XIRECS;5020.0;4
663900;BOT_TAKER;SUBMISSION;TOMATOES;XIRECS;5016.0;5
666500;SUBMISSION;BOT;TOMATOES;XIRECS;5008.0;4
667100;BOT;SUBMISSION;EMERALDS;XIRECS;10000.0;7
667500;SUBMISSION;BOT;EMERALDS;XIRECS;10000.0;10
669300;BOT_TAKER;SUBMISSION;EMERALDS;XIRECS;10007.0;5
669600;BOT_TAKER;SUBMISSION;TOMATOES;XIRECS;5014.0;5
670900;SUBMISSION;BOT;EMERALDS;XIRECS;10000.0;5
671000;SUBMISSION;BOT;EMERALDS;XIRECS;10000.0;10
671000;SUBMISSION;BOT_TAKER;TOMATOES;XIRECS;5002.0;5
671900;SUBMISSION;BOT_TAKER;EMERALDS;XIRECS;9993.0;7
672700;SUBMISSION;BOT;TOMATOES;XIRECS;5006.0;3
672900;SUBMISSION;BOT;EMERALDS;XIRECS;10000.0;9
673100;SUBMISSION;BOT_TAKER;EMERALDS;XIRECS;9993.0;5
673400;BOT_TAKER;SUBMISSION;EMERALDS;XIRECS;10007.0;3
674400;BOT_TAKER;SUBMISSION;EMERALDS;XIRECS;10007.0;3
675600;SUBMISSION;BOT_TAKER;EMERALDS;XIRECS;9993.0;6
676500;BOT_TAKER;SUBMISSION;EMERALDS;XIRECS;10007.0;5
677400;BOT_TAKER;SUBMISSION;EMERALDS;XIRECS;10007.0;3
677700;BOT_MAKER;BOT_TAKER;TOMATOES;XIRECS;5006.0;3
677700;SUBMISSION;BOT_TAKER;TOMATOES;XIRECS;5006.0;1
677900;SUBMISSION;BOT;EMERALDS;XIRECS;10000.0;6
678500;BOT_TAKER;SUBMISSION;EMERALDS;XIRECS;10007.0;3
678600;SUBMISSION;BOT_TAKER;EMERALDS;XIRECS;9993.0;4
680600;BOT_TAKER;SUBMISSION;EMERALDS;XIRECS;10007.0;8
681800;BOT_TAKER;SUBMISSION;EMERALDS;XIRECS;10007.0;5
682100;BOT_TAKER;SUBMISSION;TOMATOES;XIRECS;5011.0;3
682400;SUBMISSION;BOT;TOMATOES;XIRECS;5007.0;3
682700;SUBMISSION;BOT_TAKER;TOMATOES;XIRECS;4999.0;2
683000;SUBMISSION;BOT;EMERALDS;XIRECS;10000.0;6
683600;BOT;SUBMISSION;EMERALDS;XIRECS;10000.0;10
686300;SUBMISSION;BOT_TAKER;TOMATOES;XIRECS;5001.0;2
689500;BOT_TAKER;SUBMISSION;TOMATOES;XIRECS;5011.0;3
689700;SUBMISSION;BOT_TAKER;EMERALDS;XIRECS;9993.0;3
690400;BOT_TAKER;SUBMISSION;EMERALDS;XIRECS;10007.0;4
690500;SUBMISSION;BOT_TAKER;EMERALDS;XIRECS;9993.0;3
690700;SUBMISSION;BOT;EMERALDS;XIRECS;10000.0;9
691400;SUBMISSION;BOT;EMERALDS;XIRECS;10000.0;8
691800;SUBMISSION;BOT;EMERALDS;XIRECS;10000.0;10
692100;SUBMISSION;BOT;EMERALDS;XIRECS;10000.0;8
692100;SUBMISSION;BOT;TOMATOES;XIRECS;5000.0;5
692600;SUBMISSION;BOT_TAKER;EMERALDS;XIRECS;9993.0;7
693000;BOT_TAKER;SUBMISSION;TOMATOES;XIRECS;5009.0;5
694000;SUBMISSION;BOT;EMERALDS;XIRECS;10000.0;6
694100;SUBMISSION;BOT;EMERALDS;XIRECS;10000.0;8
694200;BOT;SUBMISSION;EMERALDS;XIRECS;10000.0;6
694500;BOT;SUBMISSION;EMERALDS;XIRECS;10000.0;6
696500;BOT;SUBMISSION;EMERALDS;XIRECS;10000.0;7
697700;SUBMISSION;BOT_TAKER;TOMATOES;XIRECS;4998.0;3
699200;SUBMISSION;BOT_TAKER;TOMATOES;XIRECS;5000.0;5
699400;BOT;SUBMISSION;TOMATOES;XIRECS;5007.0;12
702100;SUBMISSION;BOT;EMERALDS;XIRECS;10000.0;9
705700;BOT_TAKER;SUBMISSION;TOMATOES;XIRECS;5018.0;4
706200;BOT_TAKER;BOT_MAKER;TOMATOES;XIRECS;5021.0;3
706300;BOT_TAKER;SUBMISSION;TOMATOES;XIRECS;5021.0;2
707600;SUBMISSION;BOT;TOMATOES;XIRECS;5013.0;6
708100;BOT_TAKER;SUBMISSION;EMERALDS;XIRECS;10007.0;6
708200;SUBMISSION;BOT;EMERALDS;XIRECS;10000.0;10
708600;SUBMISSION;BOT_TAKER;EMERALDS;XIRECS;9993.0;8
710300;BOT;SUBMISSION;EMERALDS;XIRECS;10000.0;8
710600;BOT_TAKER;SUBMISSION;EMERALDS;XIRECS;10007.0;4
712000;BOT_TAKER;BOT_MAKER;TOMATOES;XIRECS;5019.0;4
713000;SUBMISSION;BOT_TAKER;TOMATOES;XIRECS;5007.0;5
713800;SUBMISSION;BOT_TAKER;TOMATOES;XIRECS;5004.0;3
714900;BOT;SUBMISSION;EMERALDS;XIRECS;10000.0;5
715000;SUBMISSION;BOT_TAKER;TOMATOES;XIRECS;5003.0;2
715900;BOT_TAKER;SUBMISSION;TOMATOES;XIRECS;5018.0;2
716600;BOT;SUBMISSION;EMERALDS;XIRECS;10000.0;10
716900;BOT_MAKER;BOT_TAKER;TOMATOES;XIRECS;5008.0;3
717500;SUBMISSION;BOT_TAKER;TOMATOES;XIRECS;5010.0;5
717900;BOT;SUBMISSION;TOMATOES;XIRECS;5016.0;11
718100;SUBMISSION;BOT_TAKER;TOMATOES;XIRECS;5008.0;2
718200;BOT;SUBMISSION;EMERALDS;XIRECS;10000.0;6
718500;BOT;SUBMISSION;EMERALDS;XIRECS;10000.0;10
719100;BOT_TAKER;SUBMISSION;EMERALDS;XIRECS;10007.0;8
720300;BOT_TAKER;SUBMISSION;TOMATOES;XIRECS;5019.0;2
722300;SUBMISSION;BOT;EMERALDS;XIRECS;10000.0;10
722400;SUBMISSION;BOT_TAKER;EMERALDS;XIRECS;9993.0;3
722800;BOT;SUBMISSION;EMERALDS;XIRECS;10000.0;10
725700;BOT_TAKER;SUBMISSION;EMERALDS;XIRECS;10007.0;6
727900;SUBMISSION;BOT_TAKER;TOMATOES;XIRECS;5012.0;3
728800;BOT;SUBMISSION;EMERALDS;XIRECS;10000.0;6
729000;BOT;SUBMISSION;EMERALDS;XIRECS;10000.0;10
734200;BOT_TAKER;SUBMISSION;EMERALDS;XIRECS;10007.0;7
737300;BOT;SUBMISSION;TOMATOES;XIRECS;5023.0;5
737800;BOT_TAKER;SUBMISSION;EMERALDS;XIRECS;10007.0;6
737800;SUBMISSION;BOT_TAKER;TOMATOES;XIRECS;5016.0;3
737900;SUBMISSION;BOT_TAKER;TOMATOES;XIRECS;5016.0;3
738800;BOT;SUBMISSION;EMERALDS;XIRECS;10000.0;9
739000;SUBMISSION;BOT_TAKER;TOMATOES;XIRECS;5015.0;3
739700;BOT_TAKER;SUBMISSION;TOMATOES;XIRECS;5027.0;5
740400;BOT_TAKER;SUBMISSION;EMERALDS;XIRECS;10007.0;5
743500;BOT;SUBMISSION;EMERALDS;XIRECS;10000.0;9
743800;BOT_TAKER;SUBMISSION;EMERALDS;XIRECS;10007.0;8
744000;SUBMISSION;BOT_TAKER;TOMATOES;XIRECS;5018.0;4
744100;BOT_TAKER;SUBMISSION;TOMATOES;XIRECS;5029.0;5
745200;BOT_TAKER;SUBMISSION;TOMATOES;XIRECS;5027.0;4
746700;SUBMISSION;BOT;TOMATOES;XIRECS;5019.0;5
748300;SUBMISSION;BOT_TAKER;TOMATOES;XIRECS;5020.0;2
749100;BOT;SUBMISSION;EMERALDS;XIRECS;10000.0;8
749300;BOT;SUBMISSION;EMERALDS;XIRECS;10000.0;8
750500;BOT;SUBMISSION;EMERALDS;XIRECS;10000.0;5
751800;SUBMISSION;BOT_TAKER;EMERALDS;XIRECS;10000.0;5
752400;SUBMISSION;BOT_TAKER;EMERALDS;XIRECS;10000.0;3
753600;BOT;SUBMISSION;EMERALDS;XIRECS;10000.0;8
754300;SUBMISSION;BOT_TAKER;TOMATOES;XIRECS;5022.0;3
757600;BOT_TAKER;SUBMISSION;TOMATOES;XIRECS;5034.0;3
757900;SUBMISSION;BOT;EMERALDS;XIRECS;10000.0;8
758100;SUBMISSION;BOT;EMERALDS;XIRECS;10000.0;6
758200;SUBMISSION;BOT;EMERALDS;XIRECS;10000.0;8
759300;BOT_TAKER;SUBMISSION;TOMATOES;XIRECS;5035.0;5
759400;SUBMISSION;BOT_TAKER;EMERALDS;XIRECS;9993.0;5
759600;SUBMISSION;BOT;TOMATOES;XIRECS;5029.0;2
759900;SUBMISSION;BOT_TAKER;TOMATOES;XIRECS;5024.0;4
763000;BOT;SUBMISSION;EMERALDS;XIRECS;10000.0;9
764200;SUBMISSION;BOT_TAKER;TOMATOES;XIRECS;5024.0;5
764300;SUBMISSION;BOT;EMERALDS;XIRECS;10000.0;9
764400;BOT_TAKER;SUBMISSION;EMERALDS;XIRECS;10007.0;8
764800;BOT;SUBMISSION;TOMATOES;XIRECS;5027.0;2
765400;BOT_TAKER;SUBMISSION;EMERALDS;XIRECS;10007.0;8
767500;BOT;SUBMISSION;TOMATOES;XIRECS;5029.0;5
768000;SUBMISSION;BOT_TAKER;TOMATOES;XIRECS;5022.0;3
768700;BOT_MAKER;BOT_TAKER;TOMATOES;XIRECS;5022.0;4
769100;SUBMISSION;BOT;EMERALDS;XIRECS;10000.0;5
770500;SUBMISSION;BOT_TAKER;TOMATOES;XIRECS;5022.0;2
771000;BOT_MAKER;BOT_TAKER;TOMATOES;XIRECS;5021.0;5
771700;BOT_MAKER;BOT_TAKER;TOMATOES;XIRECS;5021.0;4
774700;SUBMISSION;BOT;EMERALDS;XIRECS;10000.0;9
774800;SUBMISSION;BOT_TAKER;TOMATOES;XIRECS;5014.0;2
775200;SUBMISSION;BOT_TAKER;EMERALDS;XIRECS;9993.0;5
775300;SUBMISSION;BOT;EMERALDS;XIRECS;10000.0;5
775500;SUBMISSION;BOT;EMERALDS;XIRECS;10000.0;7
777200;SUBMISSION;BOT;EMERALDS;XIRECS;10000.0;9
778200;BOT;SUBMISSION;EMERALDS;XIRECS;10000.0;6
779100;BOT;SUBMISSION;EMERALDS;XIRECS;10000.0;9
780200;BOT_TAKER;SUBMISSION;TOMATOES;XIRECS;5022.0;5
781800;BOT_TAKER;SUBMISSION;TOMATOES;XIRECS;5022.0;4
781900;BOT_TAKER;SUBMISSION;EMERALDS;XIRECS;10007.0;8
782400;SUBMISSION;BOT_TAKER;TOMATOES;XIRECS;5012.0;4
783600;SUBMISSION;BOT_TAKER;TOMATOES;XIRECS;5012.0;4
783900;BOT;SUBMISSION;TOMATOES;XIRECS;5019.0;10
784100;BOT_TAKER;BOT_MAKER;TOMATOES;XIRECS;5025.0;3
785000;BOT_TAKER;BOT_MAKER;TOMATOES;XIRECS;5025.0;3
785100;SUBMISSION;BOT;EMERALDS;XIRECS;10000.0;6
785900;BOT_TAKER;SUBMISSION;EMERALDS;XIRECS;10007.0;8
786900;SUBMISSION;BOT;EMERALDS;XIRECS;10000.0;9
788100;SUBMISSION;BOT;EMERALDS;XIRECS;10000.0;9
788500;BOT_TAKER;SUBMISSION;TOMATOES;XIRECS;5023.0;4
788800;SUBMISSION;BOT;TOMATOES;XIRECS;5018.0;6
788800;SUBMISSION;BOT_TAKER;EMERALDS;XIRECS;9993.0;5
794700;SUBMISSION;BOT_TAKER;EMERALDS;XIRECS;9993.0;7
796000;SUBMISSION;BOT;EMERALDS;XIRECS;10000.0;9
796800;SUBMISSION;BOT;TOMATOES;XIRECS;5015.0;6
796800;BOT_TAKER;SUBMISSION;TOMATOES;XIRECS;5020.0;2
796900;BOT;SUBMISSION;EMERALDS;XIRECS;10000.0;10
797700;BOT_TAKER;SUBMISSION;TOMATOES;XIRECS;5023.0;4
797800;BOT_TAKER;SUBMISSION;EMERALDS;XIRECS;10007.0;8
798000;BOT_TAKER;SUBMISSION;TOMATOES;XIRECS;5023.0;4
800600;BOT;SUBMISSION;EMERALDS;XIRECS;10000.0;10
801500;SUBMISSION;BOT_TAKER;TOMATOES;XIRECS;5014.0;4
805200;BOT;SUBMISSION;EMERALDS;XIRECS;10000.0;7
806900;SUBMISSION;BOT;EMERALDS;XIRECS;10000.0;5
807100;SUBMISSION;BOT_TAKER;EMERALDS;XIRECS;9993.0;3
807900;BOT_TAKER;SUBMISSION;EMERALDS;XIRECS;10007.0;4
808600;BOT_TAKER;SUBMISSION;EMERALDS;XIRECS;10007.0;8
812300;BOT_TAKER;SUBMISSION;TOMATOES;XIRECS;5025.0;5
812900;BOT;SUBMISSION;EMERALDS;XIRECS;10000.0;5
813000;SUBMISSION;BOT_TAKER;EMERALDS;XIRECS;9993.0;5
813200;SUBMISSION;BOT_TAKER;EMERALDS;XIRECS;9993.0;5
813400;SUBMISSION;BOT;TOMATOES;XIRECS;5020.0;4
814200;BOT;SUBMISSION;EMERALDS;XIRECS;10000.0;8
814400;SUBMISSION;BOT;TOMATOES;XIRECS;5017.0;8
814500;BOT_MAKER;BOT_TAKER;TOMATOES;XIRECS;5012.0;2
815400;SUBMISSION;BOT;EMERALDS;XIRECS;10000.0;8
815900;BOT;SUBMISSION;TOMATOES;XIRECS;5014.0;2
816100;BOT_TAKER;SUBMISSION;EMERALDS;XIRECS;10007.0;8
816600;BOT_TAKER;SUBMISSION;TOMATOES;XIRECS;5022.0;4
816800;BOT;SUBMISSION;EMERALDS;XIRECS;10000.0;8
816900;SUBMISSION;BOT;EMERALDS;XIRECS;10000.0;7
817900;BOT_TAKER;SUBMISSION;EMERALDS;XIRECS;10007.0;5
818800;SUBMISSION;BOT;EMERALDS;XIRECS;10000.0;8
819700;BOT_TAKER;SUBMISSION;TOMATOES;XIRECS;5022.0;2
819800;SUBMISSION;BOT_TAKER;TOMATOES;XIRECS;5012.0;2
820400;BOT_TAKER;SUBMISSION;TOMATOES;XIRECS;5022.0;2
821100;BOT_TAKER;SUBMISSION;EMERALDS;XIRECS;10007.0;5
822200;SUBMISSION;BOT;EMERALDS;XIRECS;10000.0;9
822400;SUBMISSION;BOT_TAKER;TOMATOES;XIRECS;5006.0;4
822600;BOT;SUBMISSION;EMERALDS;XIRECS;10000.0;9
823300;SUBMISSION;BOT_TAKER;TOMATOES;XIRECS;5005.0;3
824700;BOT;SUBMISSION;EMERALDS;XIRECS;10000.0;7
826100;BOT_TAKER;SUBMISSION;EMERALDS;XIRECS;10007.0;6
826200;BOT;SUBMISSION;EMERALDS;XIRECS;10000.0;6
826500;SUBMISSION;BOT_TAKER;EMERALDS;XIRECS;10000.0;7
826700;BOT;SUBMISSION;EMERALDS;XIRECS;10000.0;5
827100;BOT_TAKER;SUBMISSION;EMERALDS;XIRECS;10007.0;3
827100;BOT_TAKER;BOT_MAKER;EMERALDS;XIRECS;10008.0;5
827200;BOT_TAKER;BOT_MAKER;EMERALDS;XIRECS;10008.0;6
830400;SUBMISSION;BOT;EMERALDS;XIRECS;10000.0;9
830700;BOT_TAKER;SUBMISSION;EMERALDS;XIRECS;10007.0;8
833500;BOT_TAKER;SUBMISSION;EMERALDS;XIRECS;10007.0;1
833500;BOT_TAKER;BOT_MAKER;EMERALDS;XIRECS;10008.0;7
835800;BOT_TAKER;SUBMISSION;TOMATOES;XIRECS;5005.0;5
836000;SUBMISSION;BOT_TAKER;TOMATOES;XIRECS;4994.0;5
836400;SUBMISSION;BOT;EMERALDS;XIRECS;10000.0;8
836400;BOT_TAKER;SUBMISSION;TOMATOES;XIRECS;5005.0;4
837000;SUBMISSION;BOT;EMERALDS;XIRECS;10000.0;5
837200;SUBMISSION;BOT;EMERALDS;XIRECS;10000.0;9
837800;BOT;SUBMISSION;EMERALDS;XIRECS;10000.0;9
840700;SUBMISSION;BOT;EMERALDS;XIRECS;10000.0;6
841900;SUBMISSION;BOT_TAKER;EMERALDS;XIRECS;9993.0;5
842200;BOT_TAKER;SUBMISSION;TOMATOES;XIRECS;5003.0;5
842700;SUBMISSION;BOT;TOMATOES;XIRECS;4998.0;2
843300;BOT_TAKER;SUBMISSION;TOMATOES;XIRECS;5003.0;5
843700;SUBMISSION;BOT;EMERALDS;XIRECS;10000.0;10
844400;SUBMISSION;BOT;TOMATOES;XIRECS;4999.0;2
844600;SUBMISSION;BOT;TOMATOES;XIRECS;4997.0;9
844800;BOT_TAKER;SUBMISSION;EMERALDS;XIRECS;10007.0;4
846600;BOT;SUBMISSION;EMERALDS;XIRECS;10000.0;9
846900;BOT_TAKER;SUBMISSION;EMERALDS;XIRECS;10007.0;6
847200;BOT;SUBMISSION;EMERALDS;XIRECS;10000.0;10
851000;BOT;SUBMISSION;TOMATOES;XIRECS;4995.0;6
851200;SUBMISSION;BOT;TOMATOES;XIRECS;4995.0;2
851500;BOT_TAKER;SUBMISSION;TOMATOES;XIRECS;5000.0;2
853300;BOT_TAKER;BOT_MAKER;TOMATOES;XIRECS;4999.0;2
853900;SUBMISSION;BOT;EMERALDS;XIRECS;10000.0;9
854200;SUBMISSION;BOT;EMERALDS;XIRECS;10000.0;6
854800;BOT_TAKER;SUBMISSION;TOMATOES;XIRECS;5000.0;2
856300;BOT;SUBMISSION;EMERALDS;XIRECS;10000.0;7
857100;SUBMISSION;BOT_TAKER;TOMATOES;XIRECS;4990.0;3
859100;SUBMISSION;BOT_TAKER;TOMATOES;XIRECS;4988.0;4
860400;SUBMISSION;BOT_TAKER;TOMATOES;XIRECS;4988.0;3
861400;SUBMISSION;BOT;EMERALDS;XIRECS;10000.0;9
861600;SUBMISSION;BOT_TAKER;TOMATOES;XIRECS;4988.0;5
862300;SUBMISSION;BOT;EMERALDS;XIRECS;10000.0;5
863100;BOT_TAKER;SUBMISSION;TOMATOES;XIRECS;4999.0;4
863200;BOT_TAKER;SUBMISSION;EMERALDS;XIRECS;10007.0;5
863300;BOT;SUBMISSION;TOMATOES;XIRECS;4993.0;3
863600;SUBMISSION;BOT_TAKER;TOMATOES;XIRECS;4988.0;3
864100;BOT_TAKER;SUBMISSION;EMERALDS;XIRECS;10007.0;6
864500;BOT_MAKER;BOT_TAKER;TOMATOES;XIRECS;4988.0;4
865300;BOT_MAKER;BOT_TAKER;TOMATOES;XIRECS;4984.0;3
865600;BOT_MAKER;BOT_TAKER;TOMATOES;XIRECS;4985.0;4
866500;BOT_TAKER;SUBMISSION;EMERALDS;XIRECS;10007.0;8
866700;BOT_TAKER;SUBMISSION;TOMATOES;XIRECS;4995.0;3
867000;SUBMISSION;BOT;EMERALDS;XIRECS;10000.0;7
867700;BOT;SUBMISSION;EMERALDS;XIRECS;10000.0;10
869800;SUBMISSION;BOT;EMERALDS;XIRECS;10000.0;9
870700;BOT_TAKER;SUBMISSION;TOMATOES;XIRECS;4995.0;2
871600;BOT;SUBMISSION;EMERALDS;XIRECS;10000.0;8
873800;SUBMISSION;BOT_TAKER;TOMATOES;XIRECS;4981.0;2
874700;BOT_TAKER;SUBMISSION;EMERALDS;XIRECS;10007.0;5
875200;SUBMISSION;BOT_TAKER;TOMATOES;XIRECS;4981.0;5
875500;BOT;SUBMISSION;EMERALDS;XIRECS;10000.0;1
875500;BOT;SUBMISSION;TOMATOES;XIRECS;4987.0;7
876400;BOT_TAKER;SUBMISSION;TOMATOES;XIRECS;4993.0;2
876800;BOT_TAKER;BOT_MAKER;EMERALDS;XIRECS;10008.0;3
882100;SUBMISSION;BOT;EMERALDS;XIRECS;10000.0;5
882400;SUBMISSION;BOT;TOMATOES;XIRECS;4985.0;7
882500;BOT_TAKER;SUBMISSION;TOMATOES;XIRECS;4992.0;2
885400;BOT;SUBMISSION;EMERALDS;XIRECS;10000.0;5
886800;BOT_MAKER;BOT_TAKER;TOMATOES;XIRECS;4983.0;2
887500;BOT_TAKER;SUBMISSION;TOMATOES;XIRECS;4998.0;4
889000;SUBMISSION;BOT_TAKER;TOMATOES;XIRECS;4985.0;4
895700;BOT_TAKER;BOT_MAKER;EMERALDS;XIRECS;10008.0;5
897000;BOT;SUBMISSION;TOMATOES;XIRECS;4992.0;5
900700;SUBMISSION;BOT_TAKER;TOMATOES;XIRECS;4989.0;3
901500;SUBMISSION;BOT_TAKER;EMERALDS;XIRECS;10000.0;4
901900;BOT_TAKER;SUBMISSION;EMERALDS;XIRECS;10007.0;3
902200;SUBMISSION;BOT_TAKER;EMERALDS;XIRECS;10000.0;3
902400;BOT_TAKER;SUBMISSION;TOMATOES;XIRECS;5005.0;4
902500;SUBMISSION;BOT_TAKER;TOMATOES;XIRECS;4994.0;3
904100;SUBMISSION;BOT_TAKER;TOMATOES;XIRECS;4993.0;2
904800;BOT_TAKER;SUBMISSION;TOMATOES;XIRECS;5005.0;5
907600;BOT_TAKER;SUBMISSION;EMERALDS;XIRECS;10007.0;4
907600;BOT_TAKER;BOT_MAKER;EMERALDS;XIRECS;10008.0;2
907700;BOT_TAKER;SUBMISSION;TOMATOES;XIRECS;5004.0;3
909500;SUBMISSION;BOT_TAKER;TOMATOES;XIRECS;4995.0;3
911400;SUBMISSION;BOT;EMERALDS;XIRECS;10000.0;7
912100;SUBMISSION;BOT_TAKER;TOMATOES;XIRECS;4998.0;5
913400;BOT_TAKER;SUBMISSION;EMERALDS;XIRECS;10007.0;6
913500;BOT_TAKER;SUBMISSION;TOMATOES;XIRECS;5008.0;3
914000;SUBMISSION;BOT;EMERALDS;XIRECS;10000.0;5
914500;SUBMISSION;BOT_TAKER;TOMATOES;XIRECS;4999.0;3
916800;BOT;SUBMISSION;EMERALDS;XIRECS;10000.0;6
916900;BOT;SUBMISSION;TOMATOES;XIRECS;5008.0;3
917300;SUBMISSION;BOT_TAKER;TOMATOES;XIRECS;5003.0;4
917600;SUBMISSION;BOT;EMERALDS;XIRECS;10000.0;10
917700;SUBMISSION;BOT_TAKER;TOMATOES;XIRECS;5002.0;4
918200;BOT;SUBMISSION;EMERALDS;XIRECS;10000.0;7
918400;BOT_TAKER;SUBMISSION;EMERALDS;XIRECS;10007.0;3
918400;BOT_TAKER;BOT_MAKER;EMERALDS;XIRECS;10008.0;1
919800;BOT;SUBMISSION;TOMATOES;XIRECS;5007.0;7
920700;BOT_MAKER;BOT_TAKER;EMERALDS;XIRECS;10000.0;4
921700;BOT_TAKER;BOT_MAKER;EMERALDS;XIRECS;10008.0;8
922400;BOT_TAKER;SUBMISSION;TOMATOES;XIRECS;5014.0;2
924500;SUBMISSION;BOT_TAKER;EMERALDS;XIRECS;10000.0;7
926200;BOT;SUBMISSION;EMERALDS;XIRECS;10000.0;7
926600;SUBMISSION;BOT_TAKER;EMERALDS;XIRECS;10000.0;3
927500;BOT;SUBMISSION;EMERALDS;XIRECS;10000.0;3
928000;SUBMISSION;BOT_TAKER;EMERALDS;XIRECS;10000.0;4
928100;BOT;SUBMISSION;EMERALDS;XIRECS;10000.0;4
929000;BOT_TAKER;SUBMISSION;TOMATOES;XIRECS;5012.0;2
932200;SUBMISSION;BOT_TAKER;EMERALDS;XIRECS;10000.0;4
932900;SUBMISSION;BOT_TAKER;TOMATOES;XIRECS;5000.0;4
933900;BOT;SUBMISSION;EMERALDS;XIRECS;10000.0;4
935000;BOT_TAKER;SUBMISSION;TOMATOES;XIRECS;5012.0;2
935200;BOT_TAKER;SUBMISSION;TOMATOES;XIRECS;5012.0;5
935700;SUBMISSION;BOT_TAKER;TOMATOES;XIRECS;5002.0;4
936200;BOT_TAKER;BOT_MAKER;EMERALDS;XIRECS;10008.0;4
936700;SUBMISSION;BOT_TAKER;TOMATOES;XIRECS;5000.0;5
937100;SUBMISSION;BOT_TAKER;TOMATOES;XIRECS;5000.0;3
938200;SUBMISSION;BOT;EMERALDS;XIRECS;10000.0;8
938500;BOT_MAKER;BOT_TAKER;TOMATOES;XIRECS;4997.0;4
938900;BOT;SUBMISSION;TOMATOES;XIRECS;5003.0;6
938900;SUBMISSION;BOT_TAKER;EMERALDS;XIRECS;10000.0;6
939100;BOT;SUBMISSION;EMERALDS;XIRECS;10000.0;9
939600;SUBMISSION;BOT_TAKER;EMERALDS;XIRECS;10000.0;4
942200;BOT;SUBMISSION;EMERALDS;XIRECS;10000.0;9
943300;SUBMISSION;BOT;EMERALDS;XIRECS;10000.0;9
943400;SUBMISSION;BOT_TAKER;EMERALDS;XIRECS;10000.0;4
943600;SUBMISSION;BOT_TAKER;EMERALDS;XIRECS;9993.0;6
944600;SUBMISSION;BOT_TAKER;EMERALDS;XIRECS;9993.0;4
946400;BOT;SUBMISSION;EMERALDS;XIRECS;10000.0;7
949500;SUBMISSION;BOT_TAKER;TOMATOES;XIRECS;4983.0;4
949600;BOT_TAKER;SUBMISSION;TOMATOES;XIRECS;4994.0;4
950600;SUBMISSION;BOT;EMERALDS;XIRECS;10000.0;9
950800;SUBMISSION;BOT_TAKER;EMERALDS;XIRECS;9993.0;7
951000;SUBMISSION;BOT_TAKER;TOMATOES;XIRECS;4982.0;4
952200;BOT_MAKER;BOT_TAKER;TOMATOES;XIRECS;4980.0;3
952300;BOT;SUBMISSION;EMERALDS;XIRECS;10000.0;7
952400;BOT;SUBMISSION;EMERALDS;XIRECS;10000.0;9
952800;BOT_MAKER;BOT_TAKER;TOMATOES;XIRECS;4982.0;5
953200;SUBMISSION;BOT;EMERALDS;XIRECS;10000.0;9
953400;BOT_TAKER;SUBMISSION;EMERALDS;XIRECS;10007.0;6
956600;BOT;SUBMISSION;TOMATOES;XIRECS;4989.0;11
956700;SUBMISSION;BOT;TOMATOES;XIRECS;4989.0;4
959100;BOT;SUBMISSION;EMERALDS;XIRECS;10000.0;9
959900;SUBMISSION;BOT_TAKER;TOMATOES;XIRECS;4982.0;2
960000;BOT;SUBMISSION;EMERALDS;XIRECS;10000.0;7
960200;SUBMISSION;BOT_TAKER;TOMATOES;XIRECS;4982.0;4
960500;SUBMISSION;BOT;EMERALDS;XIRECS;10000.0;7
961100;BOT_TAKER;SUBMISSION;TOMATOES;XIRECS;4996.0;3
963300;BOT_TAKER;SUBMISSION;EMERALDS;XIRECS;10007.0;5
964000;BOT_TAKER;SUBMISSION;EMERALDS;XIRECS;10007.0;5
964700;BOT_TAKER;BOT_MAKER;EMERALDS;XIRECS;10008.0;6
964800;BOT_TAKER;BOT_MAKER;EMERALDS;XIRECS;10008.0;6
965300;SUBMISSION;BOT_TAKER;TOMATOES;XIRECS;4981.0;4
965600;SUBMISSION;BOT;EMERALDS;XIRECS;10000.0;8
967000;SUBMISSION;BOT;EMERALDS;XIRECS;10000.0;6
968100;BOT_TAKER;SUBMISSION;TOMATOES;XIRECS;4991.0;5
970900;BOT_TAKER;SUBMISSION;EMERALDS;XIRECS;10007.0;4
972200;SUBMISSION;BOT;EMERALDS;XIRECS;10000.0;6
973300;SUBMISSION;BOT;TOMATOES;XIRECS;4987.0;3
974500;SUBMISSION;BOT_TAKER;TOMATOES;XIRECS;4979.0;3
974800;SUBMISSION;BOT_TAKER;TOMATOES;XIRECS;4978.0;5
977800;BOT;SUBMISSION;EMERALDS;XIRECS;10000.0;10
982300;BOT_MAKER;BOT_TAKER;TOMATOES;XIRECS;4974.0;2
983000;BOT;SUBMISSION;TOMATOES;XIRECS;4982.0;3
983500;SUBMISSION;BOT_TAKER;EMERALDS;XIRECS;10000.0;8
985000;BOT;SUBMISSION;TOMATOES;XIRECS;4987.0;3
985000;SUBMISSION;BOT_TAKER;EMERALDS;XIRECS;9993.0;6
985500;BOT_TAKER;SUBMISSION;TOMATOES;XIRECS;4992.0;2
987000;SUBMISSION;BOT_TAKER;TOMATOES;XIRECS;4981.0;5
988600;BOT;SUBMISSION;TOMATOES;XIRECS;4987.0;6
990700;BOT_TAKER;SUBMISSION;TOMATOES;XIRECS;4992.0;5
990900;SUBMISSION;BOT_TAKER;TOMATOES;XIRECS;4981.0;4
991800;SUBMISSION;BOT_TAKER;TOMATOES;XIRECS;4982.0;5
992000;BOT_TAKER;SUBMISSION;TOMATOES;XIRECS;4994.0;5
992600;SUBMISSION;BOT;EMERALDS;XIRECS;10000.0;10
993200;BOT;SUBMISSION;EMERALDS;XIRECS;10000.0;7
994000;SUBMISSION;BOT_TAKER;TOMATOES;XIRECS;4983.0;2
994400;BOT;SUBMISSION;TOMATOES;XIRECS;4989.0;6
995000;BOT;SUBMISSION;EMERALDS;XIRECS;10000.0;5
995100;SUBMISSION;BOT_TAKER;TOMATOES;XIRECS;4983.0;5
995200;BOT_TAKER;SUBMISSION;TOMATOES;XIRECS;4994.0;3
995800;BOT;SUBMISSION;EMERALDS;XIRECS;10000.0;8
996600;SUBMISSION;BOT_TAKER;TOMATOES;XIRECS;4980.0;2
997600;SUBMISSION;BOT_TAKER;TOMATOES;XIRECS;4983.0;4
997700;SUBMISSION;BOT_TAKER;EMERALDS;XIRECS;10000.0;8
997900;SUBMISSION;BOT;EMERALDS;XIRECS;10000.0;10
998300;SUBMISSION;BOT;EMERALDS;XIRECS;10000.0;10
999600;BOT_TAKER;SUBMISSION;TOMATOES;XIRECS;4998.0;3
999700;BOT_TAKER;SUBMISSION;EMERALDS;XIRECS;10007.0;5
